2390 3838
165 273 202 329 14
372 269 438 312 't'Hs
459 269 559 313 SEVEN
581 269 675 314 KINGS
695 271 736 313 OF
756 270 868 315 Rosia·

160 408 272 489 gaudio
286 410 420 469 Albanus
434 405 587 484 exercitus,
596 412 758 471 Romanas
771 409 905 489 legiones
917 412 980 489 jam
994 431 1064 490 spes

161 518 233 583 tota,
251 507 386 568 noudum
408 516 508 566 tamen
529 526 609 583 cura,
629 508 807 585 deseruerat,
825 498 977 570 exanimes
996 510 1064 572 vice

161 607 258 679 unius,
281 624 372 682 quem
394 613 453 664 tres
475 602 603 666 Curiatii
621 605 882 668 circumsteterant
926 609 1022 669 Forte
1036 607 1062 670 is

162 703 275 781 integer
297 702 360 777 fuit,
385 712 419 762 ut
441 700 585 765 universis
609 706 691 765 solus
718 723 908 783 nequaquam
933 724 995 782 par,
1019 706 1063 767 sic

161 802 302 862 adversus
316 798 447 877 singulos
460 802 551 862 ferox.
595 804 682 880 Ergo,
697 814 731 862 ut
747 811 913 880 segregaret
931 822 1060 881 pugnam

161 917 271 971 corum,
287 895 415 975 capessit
435 900 544 977 fugam,
564 898 606 959 ita
625 910 706 961 ratus
727 912 887 973 secuturos,
908 910 942 960 ut
961 921 1064 979 quem·

160 1015 219 1072 que
232 997 354 1058 vulnere
368 999 506 1059 affectum
520 1015 627 1074 corpus
641 995 758 1057 sineret
793 998 862 1075 Jam
876 995 1062 1076 aliquantum

160 1091 247 1169 spatii
261 1113 297 1154 ex
318 1114 356 1155 eo
375 1097 453 1169 loco,
468 1091 521 1155 ubi
541 1104 704 1172 pugnatum
725 1104 778 1166 est,
792 1094 952 1171 aufugerat,
968 1112 1061 1172 quum

159 1190 320 1269 respiciens
343 1192 426 1255 videt
452 1191 567 1270 magnis
591 1190 750 1252 intervallis
770 1201 948 1269 sequentes:
967 1211 1060 1253 unum

160 1289 241 1351 haud
262 1292 366 1369 procul
386 1293 425 1352 ab
439 1308 504 1351 sese
517 1290 631 1350 abesse.
675 1290 713 1347 In
733 1307 802 1349 eum
819 1307 930 1367 magno
946 1288 1060 1367 impetu

159 1387 254 1448 rediit
298 1390 346 1462 Et,
361 1390 433 1449 dum
447 1387 582 1447 Albanus
595 1384 742 1446 exercitus
755 1385 897 1447 inclamat
911 1386 1058 1463 Curiatiis,

158 1484 204 1545 uti
224 1504 314 1563 opem
327 1489 422 1546 ferant
435 1481 523 1558 fratri,
537 1483 600 1560 jam
615 1482 759 1543 Horatius
773 1496 852 1545 caeso
866 1483 953 1545 hoste
965 1484 1060 1546 victor

159 1584 322 1643 secundam
342 1602 473 1662 pugnam
491 1581 620 1660 petebat
662 1583 742 1641 Turn
758 1582 895 1658 clamore,
911 1581 1005 1662 qualis
1022 1603 1060 1644 ex

159 1683 310 1758 insperato
330 1680 492 1742 faventium
513 1679 596 1753 solet,
619 1678 751 1741 Romani
771 1681 915 1758 adjuvant
934 1681 1058 1743 militem

160 1797 265 1840 suum:
286 1790 316 1841 et
338 1779 387 1840 ille
409 1775 531 1855 defungi
550 1776 656 1854 proelio
677 1777 805 1840 festinat.
847 1778 932 1840 Prius
958 1764 1059 1858 itaque

159 1896 250 1954 quam
263 1878 345 1953 alter,
360 1875 413 1955 qui
425 1895 483 1936 nec
499 1876 604 1952 procul
620 1876 731 1950 aberat,
746 1876 891 1956 consequi
903 1888 1013 1955 posset,
1028 1889 1059 1939 et

159 1976 283 2036 alterum
298 1974 461 2037 Curiatium
482 1972 610 2034 conficit
653 1976 788 2053 Jamque,
809 1985 929 2052 aequato
948 1977 1056 2052 Marte,

159 2071 267 2150 singuli
290 2082 481 2151 supererant:
508 2071 563 2132 sed
585 2090 644 2132 nec
667 2090 721 2149 spe
742 2091 800 2132 nec
823 2071 935 2133 viribus
961 2093 1057 2152 pares,

158 2172 293 2231 Alterum
315 2171 457 2232 intactum
478 2172 556 2229 ferro
580 2187 688 2246 corpus
713 2177 743 2228 et
766 2168 916 2247 geminata
935 2170 1059 2233 victoria

158 2268 288 2328 ferocem
314 2266 346 2326 in
369 2276 520 2327 certamen
543 2263 661 2325 tertium
685 2265 818 2326 dabant:
840 2265 923 2341 alter,
948 2269 1058 2328 fessum

157 2363 287 2439 uulnere,
296 2365 407 2425 fessum
416 2381 503 2423 cursu
513 2361 632 2422 trahens
645 2380 761 2439 corpus,
772 2361 928 2440 victusque
937 2366 1058 2425 fratrum

157 2471 228 2522 ante
242 2480 275 2522 se
294 2470 399 2539 strage,
413 2457 519 2521 victori
532 2457 672 2536 objicitur
683 2458 770 2519 hosti
813 2461 844 2519 N
846 2478 882 2520 ec
895 2458 968 2522 illud
981 2481 1058 2538 proe-

157 2557 230 2619 lium
241 2569 310 2621 erat
340 2561 495 2620 Romanus
506 2557 664 2631 exsultans,
678 2557 797 2633 ‘Duos'
806 2555 911 2635 iuquit,
925 2560 1057 2622 ‘fratrum

158 2655 300 2718 Manibus
322 2654 411 2717 dedi:
433 2653 552 2717 tertium
573 2673 671 2715 causae
691 2654 763 2715 belli
785 2654 919 2732 hujusce,
940 2667 975 2717 ut
996 2659 1059 2720 Ro

157 2774 262 2815 manus
275 2756 394 2816 Albano
408 2752 541 2831 imperet,
557 2751 655 2813 dabo!
696 2753 780 2814 Male
800 2751 956 2815 sustinenti
975 2775 1058 2819 arma

156 2850 288 2930 gladium
323 2870 449 2930 superne
474 2850 579 2928 jugulo
606 2848 726 2929 defigit:
760 2851 912 2928 jacentem
939 2853 1057 2930 spoliat.

158 2949 289 3010 Romani
307 2960 431 3011 ovantes
451 2967 488 3010 ac
507 2949 686 3026 gratulantes
708 2947 868 3009 Horatium
887 2949 1037 3033 accipiunt
1047 2977 1058 3033 3

157 3065 195 3108 eo
215 3048 328 3125 majore
346 3065 415 3108 cum
428 3043 546 3125 gaudio,
562 3064 623 3123 quo
643 3063 738 3123 prope
758 3056 872 3107 metum
891 3067 938 3109 res
951 3050 1058 3112 fuerat'

156 3144 207 3205 Ad
227 3145 406 3223 sepulturam
426 3143 499 3204 inde
512 3161 632 3205 suorum
644 3161 836 3223 nequaquam
854 3144 975 3223 paribus
994 3146 1057 3208 ani·

156 3241 213 3303 mis
244 3253 417 3318 vertuntur,
445 3239 558 3320 quippe
584 3238 710 3319 impen'o
738 3240 823 3303 alteri
851 3243 940 3319 aucti,
971 3243 1057 3305 alteri

155 3339 276 3402 ditionis
295 3340 401 3403 alienae
420 3337 499 3401 facti
542 3340 683 3418 Sepulcra
703 3349 829 3417 exstant,
849 3346 911 3419 q'uo
930 3338 1057 3420 quisque

154 3438 223 3501 loco
244 3437 372 3503 cecidit}
390 3438 451 3501 duo
465 3438 606 3500 Romana
624 3456 687 3500 uno
707 3438 777 3502 loco
797 3437 919 3521 propius
932 3440 1053 3519 Albam,
