2390 3838
166 271 199 310 12
342 280 345 293 ¹
375 268 441 310 THE
461 267 560 310 SEVEN
583 265 679 309 KINGS
700 266 740 309 OF
761 266 859 310 ROME.

162 409 212 466 ‘N
214 406 343 482 untiate,’
356 401 460 487 inquit,
474 406 550 485 ‘regi
563 416 670 481 vestro,
684 426 784 485 regem
799 409 969 467 Romanum
986 408 1062 466 deos

161 506 258 565 facere
273 515 370 579 testes,
386 515 451 566 uter
464 504 544 582 prius
558 505 689 582 populus
702 525 749 565 res
762 516 931 582 repetentes
947 506 1062 582 legatos

161 616 335 679 aspernatus
358 601 509 678 dimiserit,
530 603 615 663 utin
636 621 704 663 eum
725 622 829 664 omnes
850 611 990 679 expetant
1010 603 1062 661 hu-

159 697 359 777 jusce'clades
373 700 462 762 belli'
498 703 577 762 Haec
590 699 729 762 nuntiant
742 702 866 761 domum
879 700 999 761 Albani.
1022 702 1063 762 Et

161 800 272 858 bellum
293 799 441 877 utrimque
461 818 577 859 summa
590 819 649 877 ope
669 800 835 878 parabatur,
851 798 930 859 civili
952 798 1063 859 similli-

161 916 243 955 mum
258 898 347 971 bellq
363 917 457 974 prope
472 897 549 958 inter
562 908 699 975 parentes
712 908 878 973 natosque;
898 899 1061 974 Trojanam

161 1006 317 1072 utramque
324 998 447 1072 prolem,
458 1015 549 1072 quum
559 995 716 1055 Lavinium
724 995 763 1055 ab
775 996 874 1071 Troja,
885 997 924 1054 ab
936 993 1061 1054 Lavinio

161 1094 249 1167 Alba,
272 1095 310 1153 ab
337 1095 521 1154 Albanorum
545 1094 636 1172 stirpe
660 1113 773 1170 regum>
787 1092 906 1153 oriundi
931 1091 1061 1152 Romani

161 1202 267 1251 essent

205 1311 250 1365 19,
273 1291 383 1349 Albani
407 1289 521 1367 priores
542 1289 656 1366 ingenti
676 1288 805 1350 exercitu
825 1291 857 1348 in
877 1308 980 1367 agrum
1001 1290 1062 1348 Ro-

162 1407 284 1447 manum
304 1387 448 1464 impetum
460 1390 573 1448 iecere.
617 1390 722 1449 Castra
740 1389 778 1447 ab
799 1388 873 1447 urbe
892 1387 972 1446 haud
992 1387 1060 1463 plus

162 1485 294 1562 quinque
312 1486 404 1544 millia
417 1504 557 1561 passuum
570 1486 679 1558 locant,
694 1486 775 1545 fossa
787 1483 980 1544 circumdant
1023 1485 1061 1543 In

162 1583 208 1642 his
226 1582 328 1642 castris
351 1582 477 1643 Cluilius
496 1583 634 1643 Albanus
652 1603 704 1643 rex
721 1582 861 1644 moritur:
884 1582 1061 1642 dictatorem

163 1680 274 1740 Albani
307 1682 436 1740 Mettum
465 1679 622 1740 Fuffetium
649 1690 758 1740 creant
801 1679 924 1740 Interim
956 1680 1061 1738 Tullus

162 1780 253 1850 ferox,
268 1776 416 1856 praecipue
435 1789 530 1839 morte
544 1776 628 1856 regis,
643 1779 751 1839 infesto
766 1777 940 1838 exercituin
958 1764 1061 1854 agrum

163 1876 314 1935 Albanum
335 1874 438 1953 pergit
483 1877 528 1935 Ea
548 1895 596 1936 res
609 1877 648 1937 ab
663 1874 775 1936 stativis
793 1873 902 1934 excivit
921 1876 1060 1933 Mettum.

164 1973 257 2034 Ducit
271 1994 360 2050 quam
375 1974 510 2052 proxime
524 1968 563 2034 ad
577 1975 696 2035 hostem
709 1983 826 2051 potest:
847 1971 918 2031 inde
932 1972 1061 2048 legatum

120 2080 123 2087 '
163 2072 495 2150 praemissumrnuntiare
508 2073 598 2133 Tullo
610 2072 706 2149 jubet,
721 2072 892 2149 priusquam
909 2067 1060 2141 dimicent,

163 2177 238 2247 opus
250 2190 314 2230 esse
325 2170 485 2247 colloquio.
523 2170 617 2230 Haud
627 2179 800 2246 aspernatus
810 2169 914 2227 Tullus
924 2165 955 2226 in
965 2166 1062 2226 aciem

162 2266 271 2327 educit.
309 2269 426 2326 Exeunt
440 2276 543 2326 contra
557 2277 587 2326 et
599 2264 716 2325 Albani
754 2267 915 2341 Postquam
929 2260 1063 2322 instructi

163 2362 310 2440 utrimque
337 2364 465 2437 stabant,
487 2381 555 2421 cum
577 2361 680 2438 paucis
700 2380 855 2438 procerum
875 2359 907 2418 in
930 2358 1062 2419 medium

163 2461 255 2521 duces
269 2460 441 2538 procedunt
481 2459 528 2519 Ibi
543 2461 608 2518 infit
621 2459 776 2518 Albanus:
799 2455 942 2533 ‘Injurias
957 2465 986 2515 et
999 2475 1062 2515 non

162 2559 293 2619 redditas
314 2577 360 2616 res
374 2577 412 2616 ex
425 2558 546 2630 loedere,
563 2575 629 2632 quae
642 2556 775 2632 repetitae
789 2553 856 2626 sint,
871 2572 991 2612 causam
1011 2554 1064 2612 hu·
1135 2539 1139 2546 ’

160 2658 245 2733 jusce
265 2675 330 2716 esse
349 2653 420 2715 belli
435 2654 555 2713 audisse
567 2652 692 2712 videor:
713 2662 815 2711 necte
835 2649 950 2724 dubito,
965 2651 1062 2722 Tulle,

164 2755 270 2814 eadem
290 2773 351 2830 prae
369 2760 400 2811 te
419 2752 503 2811 serre.
544 2749 613 2826 sed,
628 2748 654 2809 si
666 2768 737 2809 vera
755 2749 862 2827 potius,
877 2766 967 2826 quam
981 2748 1064 2808 dictu

163 2853 306 2928 speciosa,
322 2849 451 2910 dicenda
470 2858 547 2921 sunt,
562 2847 673 2925 cupido
687 2845 803 2924 imperii
824 2847 900 2906 duos
921 2857 1064 2924 cognatos

163 2948 338 3025 vicinosque
358 2948 487 3023 populos
508 2944 547 3005 ad
560 2964 644 3004 arma
657 2945 795 3004 stimulat
838 2947 953 3020 Itaque,
970 2943 995 3004 si
1008 2963 1064 3004 nos

164 3044 207 3106 dii
228 3054 338 3118 amant,
361 3043 511 3120 quoniam,
528 3062 591 3103 non
611 3042 745 3103 contenti
766 3041 901 3102 libertate
921 3052 1011 3115 certa,
1032 3040 1064 3100 in

165 3143 288 3202 dubiam
297 3140 413 3218 imperii
424 3141 693 3219 servitiiquealeam
702 3138 927 3216 imus‚ineamus
935 3139 1064 3217 aliquam

164 3241 252 3313 viam,
268 3259 328 3316 qua
349 3238 406 3298 utri
424 3239 496 3300 utris
510 3241 664 3316 imperent,
677 3237 745 3298 'sine
765 3257 873 3315 magna
891 3239 987 3310 clade,
1000 3235 1064 3296 sine

164 3338 258 3397 multo
268 3336 409 3414 sanguine
417 3339 569 3416 utriusque
577 3335 688 3415 populi,
700 3335 820 3398 decerni
828 3334 939 3414 possit’
971 3333 1065 3393 Haud

164 3434 304 3512 displicet
317 3456 365 3497 res
378 3437 476 3511 Tullo,
492 3455 681 3515 quamquam,
696 3445 759 3495 tum
773 3434 874 3496 indole
887 3432 985 3505 animi,
1000 3440 1063 3492 tum
