<?xml version="1.0" encoding="UTF-8"?>
<!DOCTYPE html PUBLIC "-//W3C//DTD XHTML 1.0 Transitional//EN"
    "http://www.w3.org/TR/xhtml1/DTD/xhtml1-transitional.dtd">
<html xmlns="http://www.w3.org/1999/xhtml" xml:lang="en" lang="en">
 <head>
  <title>
</title>
<meta http-equiv="Content-Type" content="text/html;charset=utf-8" />
  <meta name='ocr-system' content='tesseract 3.04.00' />
  <meta name='ocr-capabilities' content='ocr_page ocr_carea ocr_par ocr_line ocrx_word'/>
</head>
<body>
  <div class='ocr_page' id='page_1' title='image "./sevenkingsrome00wriggoog_0028.png"; bbox 0 0 2390 3838; ppageno 0'>
   <div class='ocr_carea' id='block_1_1' title="bbox 427 245 1029 312">
    <p class='ocr_par' dir='ltr' id='par_1_1' title="bbox 427 245 1029 312">
     <span class='ocr_line' id='line_1_1' title="bbox 427 245 1029 312; baseline 0.005 -21"><span class='ocrx_word' id='word_1_1' title='bbox 427 245 546 291; x_wconf 80' lang='lat' dir='ltr'>TULLUS</span> <span class='ocrx_word' id='word_1_2' title='bbox 567 248 738 293; x_wconf 79' lang='lat' dir='ltr'>nosrrtrus.</span> <span class='ocrx_word' id='word_1_3' title='bbox 993 255 1029 312; x_wconf 90' lang='lat'>19</span> 
     </span>
    </p>
   </div>
   <div class='ocr_carea' id='block_1_2' title="bbox 121 387 1040 2423">
    <p class='ocr_par' dir='ltr' id='par_1_2' title="bbox 127 387 1040 938">
     <span class='ocr_line' id='line_1_2' title="bbox 173 387 1029 467; baseline 0.005 -20"><span class='ocrx_word' id='word_1_4' title='bbox 173 391 273 449; x_wconf 91' lang='lat' dir='ltr'>Roma</span> <span class='ocrx_word' id='word_1_5' title='bbox 304 387 421 449; x_wconf 86' lang='lat' dir='ltr'><strong>interim</strong></span> <span class='ocrx_word' id='word_1_6' title='bbox 454 388 557 449; x_wconf 90' lang='lat' dir='ltr'>crescit</span> <span class='ocrx_word' id='word_1_7' title='bbox 583 390 670 449; x_wconf 90' lang='lat' dir='ltr'>Albae</span> <span class='ocrx_word' id='word_1_8' title='bbox 697 388 796 449; x_wconf 89' lang='lat' dir='ltr'>ruinis.</span> <span class='ocrx_word' id='word_1_9' title='bbox 853 388 1029 467; x_wconf 90' lang='lat' dir='ltr'>Duplicatur</span> 
     </span>
     <span class='ocr_line' id='line_1_3' title="bbox 129 485 1026 563; baseline 0.003 -18"><span class='ocrx_word' id='word_1_10' title='bbox 129 485 239 546; x_wconf 87' lang='lat' dir='ltr'>civium</span> <span class='ocrx_word' id='word_1_11' title='bbox 273 506 411 546; x_wconf 89' lang='lat' dir='ltr'>numerus</span> <span class='ocrx_word' id='word_1_12' title='bbox 424 508 439 546; x_wconf 92' lang='lat'>:.</span> <span class='ocrx_word' id='word_1_13' title='bbox 465 485 573 547; x_wconf 90' lang='lat' dir='ltr'>Caelius</span> <span class='ocrx_word' id='word_1_14' title='bbox 608 485 821 547; x_wconf 80' lang='lat' dir='ltr'>additur&#39;urbi</span> <span class='ocrx_word' id='word_1_15' title='bbox 848 507 934 547; x_wconf 90' lang='lat' dir='ltr'>mons</span> <span class='ocrx_word' id='word_1_16' title='bbox 946 509 956 563; x_wconf 89' lang='lat'>;</span> <span class='ocrx_word' id='word_1_17' title='bbox 989 499 1026 563; x_wconf 92' lang='lat' dir='ltr'>et,</span> 
     </span>
     <span class='ocr_line' id='line_1_4' title="bbox 129 582 1028 666; baseline 0.004 -24"><span class='ocrx_word' id='word_1_18' title='bbox 129 603 192 660; x_wconf 90' lang='lat' dir='ltr'>quo</span> <span class='ocrx_word' id='word_1_19' title='bbox 210 583 392 666; x_wconf 83' lang='lat' dir='ltr'>frequentius</span> <span class='ocrx_word' id='word_1_20' title='bbox 413 582 600 657; x_wconf 84' lang='lat' dir='ltr'>habitaretur,</span> <span class='ocrx_word' id='word_1_21' title='bbox 617 603 683 643; x_wconf 89' lang='lat' dir='ltr'>eam</span> <span class='ocrx_word' id='word_1_22' title='bbox 699 585 801 645; x_wconf 89' lang='lat' dir='ltr'>sedem</span> <span class='ocrx_word' id='word_1_23' title='bbox 820 586 923 645; x_wconf 89' lang='lat' dir='ltr'><strong>Tullus</strong></span> <span class='ocrx_word' id='word_1_24' title='bbox 941 585 1028 663; x_wconf 86' lang='lat' dir='ltr'>reglae</span> 
     </span>
     <span class='ocr_line' id='line_1_5' title="bbox 128 680 1026 759; baseline 0.001 -17"><span class='ocrx_word' id='word_1_25' title='bbox 128 681 219 758; x_wconf 87' lang='lat' dir='ltr'>capit,</span> <span class='ocrx_word' id='word_1_26' title='bbox 242 681 343 759; x_wconf 90' lang='lat' dir='ltr'>ibique</span> <span class='ocrx_word' id='word_1_27' title='bbox 366 680 518 741; x_wconf 88' lang='lat' dir='ltr'>habitavit.</span> <span class='ocrx_word' id='word_1_28' title='bbox 567 684 650 755; x_wconf 85' lang='lat' dir='ltr'>Mox,</span> <span class='ocrx_word' id='word_1_29' title='bbox 672 681 782 742; x_wconf 91' lang='lat' dir='ltr'>viribus</span> <span class='ocrx_word' id='word_1_30' title='bbox 805 683 898 743; x_wconf 88' lang='lat' dir='ltr'>auctis</span> <span class='ocrx_word' id='word_1_31' title='bbox 921 683 1026 759; x_wconf 89' lang='lat' dir='ltr'>tideus,</span> 
     </span>
     <span class='ocr_line' id='line_1_6' title="bbox 128 778 1040 859; baseline 0.001 -19"><span class='ocrx_word' id='word_1_32' title='bbox 128 778 247 840; x_wconf 84' lang='lat' dir='ltr'>Sabinis</span> <span class='ocrx_word' id='word_1_33' title='bbox 265 781 376 840; x_wconf 89' lang='lat' dir='ltr'>bellum</span> <span class='ocrx_word' id='word_1_34' title='bbox 395 778 510 854; x_wconf 72' lang='lat' dir='ltr'>indixit,</span> <span class='ocrx_word' id='word_1_35' title='bbox 526 798 637 856; x_wconf 90' lang='lat' dir='ltr'>eosque</span> <span class='ocrx_word' id='word_1_36' title='bbox 659 799 720 839; x_wconf 94' lang='lat' dir='ltr'>non</span> <span class='ocrx_word' id='word_1_37' title='bbox 735 780 798 840; x_wconf 90' lang='lat' dir='ltr'>sine</span> <span class='ocrx_word' id='word_1_38' title='bbox 819 801 926 859; x_wconf 88' lang='lat' dir='ltr'>magna</span> <span class='ocrx_word' id='word_1_39' title='bbox 944 781 1040 841; x_wconf 88' lang='lat' dir='ltr'>caede·</span> 
     </span>
     <span class='ocr_line' id='line_1_7' title="bbox 127 877 247 938; baseline 0.008 -2"><span class='ocrx_word' id='word_1_40' title='bbox 127 877 247 938; x_wconf 87' lang='lat' dir='ltr'>devicit.</span> 
     </span>
    </p>

    <p class='ocr_par' dir='ltr' id='par_1_3' title="bbox 123 973 1026 2130">
     <span class='ocr_line' id='line_1_8' title="bbox 170 973 1026 1053; baseline 0.005 -19"><span class='ocrx_word' id='word_1_41' title='bbox 170 975 265 1035; x_wconf 93' lang='lat' dir='ltr'>Haud</span> <span class='ocrx_word' id='word_1_42' title='bbox 275 973 317 1034; x_wconf 84' lang='lat' dir='ltr'>ita</span> <span class='ocrx_word' id='word_1_43' title='bbox 326 977 497 1053; x_wconf 91' lang='lat' dir='ltr'>multopost</span> <span class='ocrx_word' id='word_1_44' title='bbox 506 974 674 1052; x_wconf 88' lang='lat' dir='ltr'>pestilentia</span> <span class='ocrx_word' id='word_1_45' title='bbox 683 977 849 1036; x_wconf 89' lang='lat' dir='ltr'>laboratum</span> <span class='ocrx_word' id='word_1_46' title='bbox 859 989 909 1037; x_wconf 91' lang='lat' dir='ltr'>est.</span> <span class='ocrx_word' id='word_1_47' title='bbox 934 977 1026 1038; x_wconf 86' lang='lat' dir='ltr'>Unde</span> 
     </span>
     <span class='ocr_line' id='line_1_9' title="bbox 128 1072 1023 1150; baseline 0.001 -19"><span class='ocrx_word' id='word_1_48' title='bbox 128 1091 221 1149; x_wconf 91' lang='lat' dir='ltr'>quum</span> <span class='ocrx_word' id='word_1_49' title='bbox 235 1072 352 1150; x_wconf 80' lang='lat' dir='ltr'>pigritia</span> <span class='ocrx_word' id='word_1_50' title='bbox 364 1072 512 1132; x_wconf 89' lang='lat' dir='ltr'>militandi</span> <span class='ocrx_word' id='word_1_51' title='bbox 526 1085 663 1147; x_wconf 88' lang='lat' dir='ltr'>oreretur,</span> <span class='ocrx_word' id='word_1_52' title='bbox 674 1074 756 1132; x_wconf 89' lang='lat' dir='ltr'>nulla</span> <span class='ocrx_word' id='word_1_53' title='bbox 766 1083 867 1133; x_wconf 88' lang='lat' dir='ltr'>tamen</span> <span class='ocrx_word' id='word_1_54' title='bbox 881 1075 920 1134; x_wconf 91' lang='lat' dir='ltr'>ab</span> <span class='ocrx_word' id='word_1_55' title='bbox 934 1075 1023 1133; x_wconf 85' lang='lat' dir='ltr'>armis</span> 
     </span>
     <span class='ocr_line' id='line_1_10' title="bbox 127 1170 1025 1248; baseline 0.001 -19"><span class='ocrx_word' id='word_1_56' title='bbox 127 1171 213 1247; x_wconf 90' lang='lat' dir='ltr'>quies</span> <span class='ocrx_word' id='word_1_57' title='bbox 234 1172 359 1231; x_wconf 90' lang='lat' dir='ltr'>dabatur</span> <span class='ocrx_word' id='word_1_58' title='bbox 377 1173 416 1230; x_wconf 88' lang='lat' dir='ltr'>ab</span> <span class='ocrx_word' id='word_1_59' title='bbox 438 1170 581 1231; x_wconf 90' lang='lat' dir='ltr'>bellicoso</span> <span class='ocrx_word' id='word_1_60' title='bbox 602 1189 677 1247; x_wconf 87' lang='lat' dir='ltr'>rege,</span> <span class='ocrx_word' id='word_1_61' title='bbox 703 1173 801 1232; x_wconf 91' lang='lat' dir='ltr'>donec</span> <span class='ocrx_word' id='word_1_62' title='bbox 821 1171 885 1247; x_wconf 92' lang='lat' dir='ltr'>ipse</span> <span class='ocrx_word' id='word_1_63' title='bbox 906 1191 1025 1248; x_wconf 91' lang='lat' dir='ltr'>quoque</span> 
     </span>
     <span class='ocr_line' id='line_1_11' title="bbox 126 1266 1024 1345; baseline -0.001 -18"><span class='ocrx_word' id='word_1_64' title='bbox 126 1267 291 1345; x_wconf 89' lang='lat' dir='ltr'>longinquo</span> <span class='ocrx_word' id='word_1_65' title='bbox 305 1270 411 1329; x_wconf 88' lang='lat' dir='ltr'>morbo</span> <span class='ocrx_word' id='word_1_66' title='bbox 431 1279 476 1328; x_wconf 90' lang='lat' dir='ltr'>est</span> <span class='ocrx_word' id='word_1_67' title='bbox 489 1266 655 1343; x_wconf 88' lang='lat' dir='ltr'>implicitus.</span> <span class='ocrx_word' id='word_1_68' title='bbox 700 1270 786 1327; x_wconf 89' lang='lat' dir='ltr'>Tunc</span> <span class='ocrx_word' id='word_1_69' title='bbox 800 1269 877 1328; x_wconf 93' lang='lat' dir='ltr'>adeo</span> <span class='ocrx_word' id='word_1_70' title='bbox 892 1268 975 1328; x_wconf 84' lang='lat' dir='ltr'>fracti</span> <span class='ocrx_word' id='word_1_71' title='bbox 989 1268 1024 1328; x_wconf 91' lang='lat' dir='ltr'>si-</span> 
     </span>
     <span class='ocr_line' id='line_1_12' title="bbox 126 1361 1024 1444; baseline -0.001 -19"><span class='ocrx_word' id='word_1_72' title='bbox 126 1368 189 1425; x_wconf 89' lang='lat' dir='ltr'>mul</span> <span class='ocrx_word' id='word_1_73' title='bbox 204 1386 271 1426; x_wconf 91' lang='lat' dir='ltr'>cum</span> <span class='ocrx_word' id='word_1_74' title='bbox 291 1386 414 1444; x_wconf 88' lang='lat' dir='ltr'>corpore</span> <span class='ocrx_word' id='word_1_75' title='bbox 428 1377 497 1427; x_wconf 90' lang='lat' dir='ltr'>sunt</span> <span class='ocrx_word' id='word_1_76' title='bbox 510 1361 627 1442; x_wconf 80' lang='lat' dir='ltr'>spiritus</span> <span class='ocrx_word' id='word_1_77' title='bbox 641 1366 683 1424; x_wconf 92' lang='lat' dir='ltr'>illi</span> <span class='ocrx_word' id='word_1_78' title='bbox 696 1368 819 1438; x_wconf 85' lang='lat' dir='ltr'>feroces,</span> <span class='ocrx_word' id='word_1_79' title='bbox 831 1377 872 1440; x_wconf 89' lang='lat' dir='ltr'>ut,</span> <span class='ocrx_word' id='word_1_80' title='bbox 888 1365 939 1442; x_wconf 90' lang='lat' dir='ltr'>qui</span> <span class='ocrx_word' id='word_1_81' title='bbox 950 1365 1024 1425; x_wconf 91' lang='lat' dir='ltr'>nihil</span> 
     </span>
     <span class='ocr_line' id='line_1_13' title="bbox 126 1463 1025 1541; baseline -0.002 -18"><span class='ocrx_word' id='word_1_82' title='bbox 126 1475 197 1524; x_wconf 90' lang='lat' dir='ltr'>ante</span> <span class='ocrx_word' id='word_1_83' title='bbox 209 1476 289 1524; x_wconf 89' lang='lat' dir='ltr'>ratus</span> <span class='ocrx_word' id='word_1_84' title='bbox 304 1476 381 1525; x_wconf 89' lang='lat' dir='ltr'>esset</span> <span class='ocrx_word' id='word_1_85' title='bbox 394 1463 492 1523; x_wconf 90' lang='lat' dir='ltr'>minus</span> <span class='ocrx_word' id='word_1_86' title='bbox 505 1463 617 1541; x_wconf 89' lang='lat' dir='ltr'>regium</span> <span class='ocrx_word' id='word_1_87' title='bbox 632 1483 720 1540; x_wconf 90' lang='lat' dir='ltr'>quarn</span> <span class='ocrx_word' id='word_1_88' title='bbox 736 1463 825 1524; x_wconf 92' lang='lat' dir='ltr'>sacris</span> <span class='ocrx_word' id='word_1_89' title='bbox 840 1464 949 1524; x_wconf 88' lang='lat' dir='ltr'>dedere</span> <span class='ocrx_word' id='word_1_90' title='bbox 963 1465 1025 1524; x_wconf 89' lang='lat' dir='ltr'>ani-</span> 
     </span>
     <span class='ocr_line' id='line_1_14' title="bbox 124 1561 1024 1640; baseline -0.001 -19"><span class='ocrx_word' id='word_1_91' title='bbox 124 1582 216 1636; x_wconf 89' lang='lat' dir='ltr'>mum,</span> <span class='ocrx_word' id='word_1_92' title='bbox 227 1574 349 1639; x_wconf 90' lang='lat' dir='ltr'>repente</span> <span class='ocrx_word' id='word_1_93' title='bbox 364 1562 503 1623; x_wconf 91' lang='lat' dir='ltr'>omnibus</span> <span class='ocrx_word' id='word_1_94' title='bbox 516 1562 630 1640; x_wconf 88' lang='lat' dir='ltr'>magnis</span> <span class='ocrx_word' id='word_1_95' title='bbox 645 1562 800 1639; x_wconf 88' lang='lat' dir='ltr'>parvisque</span> <span class='ocrx_word' id='word_1_96' title='bbox 814 1561 1024 1639; x_wconf 92' lang='lat' dir='ltr'>superstitioni-</span> 
     </span>
     <span class='ocr_line' id='line_1_15' title="bbox 124 1658 1023 1739; baseline -0.001 -20"><span class='ocrx_word' id='word_1_97' title='bbox 124 1659 181 1720; x_wconf 90' lang='lat' dir='ltr'>bus</span> <span class='ocrx_word' id='word_1_98' title='bbox 196 1661 341 1721; x_wconf 86' lang='lat' dir='ltr'>obnoxius</span> <span class='ocrx_word' id='word_1_99' title='bbox 359 1662 487 1739; x_wconf 86' lang='lat' dir='ltr'>degeret,</span> <span class='ocrx_word' id='word_1_100' title='bbox 501 1658 749 1737; x_wconf 84' lang='lat' dir='ltr'>religionibusque</span> <span class='ocrx_word' id='word_1_101' title='bbox 769 1660 858 1720; x_wconf 89' lang='lat' dir='ltr'>etiarn</span> <span class='ocrx_word' id='word_1_102' title='bbox 878 1661 1023 1737; x_wconf 88' lang='lat' dir='ltr'>populum</span> 
     </span>
     <span class='ocr_line' id='line_1_16' title="bbox 124 1757 1022 1835; baseline -0.001 -17"><span class='ocrx_word' id='word_1_103' title='bbox 124 1757 267 1835; x_wconf 89' lang='lat' dir='ltr'>impleret.</span> <span class='ocrx_word' id='word_1_104' title='bbox 310 1761 370 1820; x_wconf 90' lang='lat' dir='ltr'>Sed</span> <span class='ocrx_word' id='word_1_105' title='bbox 390 1779 452 1835; x_wconf 83' lang='lat' dir='ltr'>non</span> <span class='ocrx_word' id='word_1_106' title='bbox 472 1760 527 1818; x_wconf 90' lang='lat' dir='ltr'>rite</span> <span class='ocrx_word' id='word_1_107' title='bbox 547 1758 621 1818; x_wconf 91' lang='lat' dir='ltr'>inita</span> <span class='ocrx_word' id='word_1_108' title='bbox 646 1774 698 1818; x_wconf 87' lang='lat' dir='ltr'>aut</span> <span class='ocrx_word' id='word_1_109' title='bbox 719 1771 820 1818; x_wconf 89' lang='lat' dir='ltr'>curata</span> <span class='ocrx_word' id='word_1_110' title='bbox 839 1759 958 1818; x_wconf 89' lang='lat' dir='ltr'>tradunt</span> <span class='ocrx_word' id='word_1_111' title='bbox 987 1778 1022 1818; x_wconf 90' lang='lat' dir='ltr'>ea</span> 
     </span>
     <span class='ocr_line' id='line_1_17' title="bbox 123 1855 1022 1935; baseline 0.001 -20"><span class='ocrx_word' id='word_1_112' title='bbox 123 1875 208 1916; x_wconf 87' lang='lat' dir='ltr'>sacra</span> <span class='ocrx_word' id='word_1_113' title='bbox 222 1876 286 1917; x_wconf 88' lang='lat' dir='ltr'>esse</span> <span class='ocrx_word' id='word_1_114' title='bbox 298 1880 306 1932; x_wconf 81' lang='lat'>3</span> <span class='ocrx_word' id='word_1_115' title='bbox 326 1857 426 1935; x_wconf 92' lang='lat' dir='ltr'>itaque</span> <span class='ocrx_word' id='word_1_116' title='bbox 439 1855 482 1916; x_wconf 91' lang='lat' dir='ltr'>ira</span> <span class='ocrx_word' id='word_1_117' title='bbox 495 1856 588 1933; x_wconf 82' lang='lat' dir='ltr'>Jovis‚</span> <span class='ocrx_word' id='word_1_118' title='bbox 604 1856 752 1917; x_wconf 85' lang='lat' dir='ltr'>sollicitati</span> <span class='ocrx_word' id='word_1_119' title='bbox 767 1875 858 1934; x_wconf 86' lang='lat' dir='ltr'>prava</span> <span class='ocrx_word' id='word_1_120' title='bbox 871 1856 1022 1934; x_wconf 87' lang='lat' dir='ltr'>religione,</span> 
     </span>
     <span class='ocr_line' id='line_1_18' title="bbox 123 1954 1021 2033; baseline 0.001 -20"><span class='ocrx_word' id='word_1_121' title='bbox 123 1974 223 2033; x_wconf 89' lang='lat' dir='ltr'>regern</span> <span class='ocrx_word' id='word_1_122' title='bbox 237 1954 358 2015; x_wconf 83' lang='lat' dir='ltr'>fulmine</span> <span class='ocrx_word' id='word_1_123' title='bbox 373 1957 463 2016; x_wconf 88' lang='lat' dir='ltr'>ictum</span> <span class='ocrx_word' id='word_1_124' title='bbox 478 1971 546 2014; x_wconf 90' lang='lat' dir='ltr'>cum</span> <span class='ocrx_word' id='word_1_125' title='bbox 560 1956 652 2015; x_wconf 91' lang='lat' dir='ltr'>domo</span> <span class='ocrx_word' id='word_1_126' title='bbox 671 1956 875 2031; x_wconf 84' lang='lat' dir='ltr'>conflagrasse.</span> <span class='ocrx_word' id='word_1_127' title='bbox 917 1955 1021 2014; x_wconf 93' lang='lat' dir='ltr'>Tullus</span> 
     </span>
     <span class='ocr_line' id='line_1_19' title="bbox 123 2051 950 2130; baseline -0.001 -18"><span class='ocrx_word' id='word_1_128' title='bbox 123 2072 233 2130; x_wconf 86' lang='lat' dir='ltr'>magna</span> <span class='ocrx_word' id='word_1_129' title='bbox 245 2053 338 2130; x_wconf 89' lang='lat' dir='ltr'>gloria</span> <span class='ocrx_word' id='word_1_130' title='bbox 350 2053 421 2114; x_wconf 90' lang='lat' dir='ltr'>belli</span> <span class='ocrx_word' id='word_1_131' title='bbox 434 2051 567 2130; x_wconf 90' lang='lat' dir='ltr'>regnavit</span> <span class='ocrx_word' id='word_1_132' title='bbox 582 2071 677 2112; x_wconf 93' lang='lat' dir='ltr'>annos</span> <span class='ocrx_word' id='word_1_133' title='bbox 691 2054 766 2112; x_wconf 93' lang='lat' dir='ltr'>duos</span> <span class='ocrx_word' id='word_1_134' title='bbox 781 2064 810 2112; x_wconf 90' lang='lat' dir='ltr'>et</span> <span class='ocrx_word' id='word_1_135' title='bbox 824 2051 950 2129; x_wconf 85' lang='lat' dir='ltr'>triginta</span> 
     </span>
    </p>

    <p class='ocr_par' dir='ltr' id='par_1_4' title="bbox 121 2149 1021 2423">
     <span class='ocr_line' id='line_1_20' title="bbox 165 2149 1020 2225; baseline -0.002 -14"><span class='ocrx_word' id='word_1_136' title='bbox 165 2155 211 2211; x_wconf 83' lang='lat'>26.</span> <span class='ocrx_word' id='word_1_137' title='bbox 236 2156 357 2213; x_wconf 89' lang='lat' dir='ltr'>Mortuo</span> <span class='ocrx_word' id='word_1_138' title='bbox 379 2152 476 2224; x_wconf 89' lang='lat' dir='ltr'>Tullo,</span> <span class='ocrx_word' id='word_1_139' title='bbox 496 2169 552 2223; x_wconf 87' lang='lat' dir='ltr'>res,</span> <span class='ocrx_word' id='word_1_140' title='bbox 572 2160 605 2211; x_wconf 90' lang='lat' dir='ltr'>ut</span> <span class='ocrx_word' id='word_1_141' title='bbox 625 2149 791 2210; x_wconf 90' lang='lat' dir='ltr'>institutum</span> <span class='ocrx_word' id='word_1_142' title='bbox 808 2152 870 2225; x_wconf 89' lang='lat' dir='ltr'>jam</span> <span class='ocrx_word' id='word_1_143' title='bbox 891 2149 961 2209; x_wconf 90' lang='lat' dir='ltr'>inde</span> <span class='ocrx_word' id='word_1_144' title='bbox 981 2150 1020 2209; x_wconf 89' lang='lat' dir='ltr'>ab</span> 
     </span>
     <span class='ocr_line' id='line_1_21' title="bbox 121 2244 1021 2326; baseline -0.004 -16"><span class='ocrx_word' id='word_1_145' title='bbox 121 2244 207 2310; x_wconf 88' lang='lat' dir='ltr'>initio</span> <span class='ocrx_word' id='word_1_146' title='bbox 221 2262 290 2323; x_wconf 91' lang='lat' dir='ltr'>erat,</span> <span class='ocrx_word' id='word_1_147' title='bbox 305 2251 345 2310; x_wconf 92' lang='lat' dir='ltr'>ad</span> <span class='ocrx_word' id='word_1_148' title='bbox 359 2252 460 2310; x_wconf 85' lang='lat' dir='ltr'>Patres</span> <span class='ocrx_word' id='word_1_149' title='bbox 474 2250 618 2309; x_wconf 86' lang='lat' dir='ltr'>redierat:</span> <span class='ocrx_word' id='word_1_150' title='bbox 634 2247 724 2325; x_wconf 86' lang='lat' dir='ltr'>hique</span> <span class='ocrx_word' id='word_1_151' title='bbox 738 2248 913 2326; x_wconf 87' lang='lat' dir='ltr'>interregem</span> <span class='ocrx_word' id='word_1_152' title='bbox 927 2246 1021 2307; x_wconf 92' lang='lat' dir='ltr'>nomi-</span> 
     </span>
     <span class='ocr_line' id='line_1_22' title="bbox 121 2344 1019 2423; baseline -0.004 -16"><span class='ocrx_word' id='word_1_153' title='bbox 121 2359 273 2409; x_wconf 87' lang='lat' dir='ltr'>naverant.</span> <span class='ocrx_word' id='word_1_154' title='bbox 316 2350 385 2423; x_wconf 87' lang='lat' dir='ltr'>Quo</span> <span class='ocrx_word' id='word_1_155' title='bbox 413 2346 534 2408; x_wconf 89' lang='lat' dir='ltr'>comitia</span> <span class='ocrx_word' id='word_1_156' title='bbox 560 2348 698 2421; x_wconf 89' lang='lat' dir='ltr'>habente,</span> <span class='ocrx_word' id='word_1_157' title='bbox 726 2349 844 2406; x_wconf 89' lang='lat' dir='ltr'>Ancum</span> <span class='ocrx_word' id='word_1_158' title='bbox 874 2344 1019 2404; x_wconf 89' lang='lat' dir='ltr'>Marcium</span> 
     </span>
    </p>
   </div>
   <div class='ocr_carea' id='block_1_3' title="bbox 120 2445 1123 2523">
    <p class='ocr_par' dir='ltr' id='par_1_5' title="bbox 120 2445 1123 2523">
     <span class='ocr_line' id='line_1_23' title="bbox 120 2445 1123 2523; baseline 0.001 -19"><span class='ocrx_word' id='word_1_159' title='bbox 120 2465 221 2522; x_wconf 89' lang='lat' dir='ltr'>regem</span> <span class='ocrx_word' id='word_1_160' title='bbox 235 2447 363 2523; x_wconf 90' lang='lat' dir='ltr'>populus</span> <span class='ocrx_word' id='word_1_161' title='bbox 377 2445 504 2506; x_wconf 88' lang='lat' dir='ltr'>creavit:</span> <span class='ocrx_word' id='word_1_162' title='bbox 519 2447 619 2505; x_wconf 88' lang='lat' dir='ltr'>Patres</span> <span class='ocrx_word' id='word_1_163' title='bbox 632 2446 712 2505; x_wconf 85' lang='lat' dir='ltr'>fuere</span> <span class='ocrx_word' id='word_1_164' title='bbox 726 2455 868 2505; x_wconf 85' lang='lat' dir='ltr'>auctores</span> <span class='ocrx_word' id='word_1_165' title='bbox 912 2445 1019 2502; x_wconf 90' lang='lat' dir='ltr'>Numae</span> <span class='ocrx_word' id='word_1_166' title='bbox 1118 2492 1123 2505; x_wconf 82' lang='lat'><em>.</em></span> 
     </span>
    </p>
   </div>
   <div class='ocr_carea' id='block_1_4' title="bbox 117 2542 1086 3403">
    <p class='ocr_par' dir='ltr' id='par_1_6' title="bbox 119 2542 1019 3210">
     <span class='ocr_line' id='line_1_24' title="bbox 121 2542 1016 2622; baseline -0.007 -18"><span class='ocrx_word' id='word_1_167' title='bbox 121 2543 261 2621; x_wconf 89' lang='lat' dir='ltr'>Pompilii</span> <span class='ocrx_word' id='word_1_168' title='bbox 275 2548 351 2622; x_wconf 90' lang='lat' dir='ltr'>regis</span> <span class='ocrx_word' id='word_1_169' title='bbox 371 2563 474 2621; x_wconf 90' lang='lat' dir='ltr'>nepos,</span> <span class='ocrx_word' id='word_1_170' title='bbox 489 2542 549 2602; x_wconf 86' lang='lat' dir='ltr'>filia</span> <span class='ocrx_word' id='word_1_171' title='bbox 569 2553 657 2616; x_wconf 89' lang='lat' dir='ltr'>ortus,</span> <span class='ocrx_word' id='word_1_172' title='bbox 672 2545 774 2602; x_wconf 90' lang='lat' dir='ltr'>Ancus</span> <span class='ocrx_word' id='word_1_173' title='bbox 796 2542 926 2601; x_wconf 87' lang='lat' dir='ltr'>Marcius</span> <span class='ocrx_word' id='word_1_174' title='bbox 947 2551 1016 2600; x_wconf 84' lang='lat' dir='ltr'>erat</span> 
     </span>
     <span class='ocr_line' id='line_1_25' title="bbox 122 2637 1019 2720; baseline -0.004 -19"><span class='ocrx_word' id='word_1_175' title='bbox 122 2642 190 2718; x_wconf 91' lang='lat' dir='ltr'>Qui,</span> <span class='ocrx_word' id='word_1_176' title='bbox 202 2652 235 2702; x_wconf 92' lang='lat' dir='ltr'>ut</span> <span class='ocrx_word' id='word_1_177' title='bbox 243 2662 363 2720; x_wconf 88' lang='lat' dir='ltr'>regnare</span> <span class='ocrx_word' id='word_1_178' title='bbox 374 2640 473 2719; x_wconf 87' lang='lat' dir='ltr'>coepit,</span> <span class='ocrx_word' id='word_1_179' title='bbox 486 2640 572 2701; x_wconf 88' lang='lat' dir='ltr'>avitae</span> <span class='ocrx_word' id='word_1_180' title='bbox 582 2641 682 2718; x_wconf 88' lang='lat' dir='ltr'>gloriae</span> <span class='ocrx_word' id='word_1_181' title='bbox 692 2659 815 2712; x_wconf 88' lang='lat' dir='ltr'>memor,</span> <span class='ocrx_word' id='word_1_182' title='bbox 824 2637 925 2699; x_wconf 92' lang='lat' dir='ltr'>omnia</span> <span class='ocrx_word' id='word_1_183' title='bbox 936 2657 1019 2697; x_wconf 87' lang='lat' dir='ltr'>sacra</span> 
     </span>
     <span class='ocr_line' id='line_1_26' title="bbox 121 2737 1018 2816; baseline -0.006 -16"><span class='ocrx_word' id='word_1_184' title='bbox 121 2758 158 2800; x_wconf 87' lang='lat' dir='ltr'>ex</span> <span class='ocrx_word' id='word_1_185' title='bbox 180 2740 400 2801; x_wconf 88' lang='lat' dir='ltr'>commentariis</span> <span class='ocrx_word' id='word_1_186' title='bbox 423 2743 530 2799; x_wconf 89' lang='lat' dir='ltr'>Numae</span> <span class='ocrx_word' id='word_1_187' title='bbox 552 2739 725 2816; x_wconf 82' lang='lat' dir='ltr'>pontificem</span> <span class='ocrx_word' id='word_1_188' title='bbox 749 2737 780 2796; x_wconf 93' lang='lat' dir='ltr'>in</span> <span class='ocrx_word' id='word_1_189' title='bbox 802 2737 902 2796; x_wconf 91' lang='lat' dir='ltr'>album</span> <span class='ocrx_word' id='word_1_190' title='bbox 926 2737 1018 2795; x_wconf 87' lang='lat' dir='ltr'>relata</span> 
     </span>
     <span class='ocr_line' id='line_1_27' title="bbox 119 2831 1017 2916; baseline -0.004 -20"><span class='ocrx_word' id='word_1_191' title='bbox 119 2856 287 2915; x_wconf 88' lang='lat' dir='ltr'>proponere</span> <span class='ocrx_word' id='word_1_192' title='bbox 301 2838 332 2898; x_wconf 92' lang='lat' dir='ltr'>in</span> <span class='ocrx_word' id='word_1_193' title='bbox 344 2839 464 2916; x_wconf 91' lang='lat' dir='ltr'>publico</span> <span class='ocrx_word' id='word_1_194' title='bbox 475 2839 568 2914; x_wconf 87' lang='lat' dir='ltr'>jubet.</span> <span class='ocrx_word' id='word_1_195' title='bbox 612 2838 689 2896; x_wconf 91' lang='lat' dir='ltr'>Inde</span> <span class='ocrx_word' id='word_1_196' title='bbox 704 2847 733 2896; x_wconf 92' lang='lat' dir='ltr'>et</span> <span class='ocrx_word' id='word_1_197' title='bbox 744 2833 857 2894; x_wconf 88' lang='lat' dir='ltr'>civibus</span> <span class='ocrx_word' id='word_1_198' title='bbox 871 2832 925 2894; x_wconf 92' lang='lat' dir='ltr'>otii</span> <span class='ocrx_word' id='word_1_199' title='bbox 938 2831 1017 2910; x_wconf 91' lang='lat' dir='ltr'>cupi-</span> 
     </span>
     <span class='ocr_line' id='line_1_28' title="bbox 120 2931 1017 3010; baseline -0.001 -17"><span class='ocrx_word' id='word_1_200' title='bbox 120 2935 165 2994; x_wconf 90' lang='lat' dir='ltr'>dis</span> <span class='ocrx_word' id='word_1_201' title='bbox 197 2947 227 2996; x_wconf 88' lang='lat' dir='ltr'>et</span> <span class='ocrx_word' id='word_1_202' title='bbox 247 2936 378 2997; x_wconf 88' lang='lat' dir='ltr'>finitimis</span> <span class='ocrx_word' id='word_1_203' title='bbox 401 2935 569 2995; x_wconf 85' lang='lat' dir='ltr'>civitatibus</span> <span class='ocrx_word' id='word_1_204' title='bbox 590 2936 668 2995; x_wconf 85' lang='lat' dir='ltr'>sacta</span> <span class='ocrx_word' id='word_1_205' title='bbox 695 2952 772 3010; x_wconf 88' lang='lat' dir='ltr'>spes,</span> <span class='ocrx_word' id='word_1_206' title='bbox 793 2933 824 2991; x_wconf 90' lang='lat' dir='ltr'>in</span> <span class='ocrx_word' id='word_1_207' title='bbox 844 2931 892 2991; x_wconf 86' lang='lat' dir='ltr'>avi</span> <span class='ocrx_word' id='word_1_208' title='bbox 920 2950 1017 2992; x_wconf 89' lang='lat' dir='ltr'>mores</span> 
     </span>
     <span class='ocr_line' id='line_1_29' title="bbox 119 3026 1016 3112; baseline -0.006 -20"><span class='ocrx_word' id='word_1_209' title='bbox 119 3043 208 3109; x_wconf 85' lang='lat' dir='ltr'>atque</span> <span class='ocrx_word' id='word_1_210' title='bbox 230 3032 363 3095; x_wconf 90' lang='lat' dir='ltr'>instituta</span> <span class='ocrx_word' id='word_1_211' title='bbox 386 3052 485 3112; x_wconf 88' lang='lat' dir='ltr'>regern</span> <span class='ocrx_word' id='word_1_212' title='bbox 509 3030 663 3092; x_wconf 88' lang='lat' dir='ltr'>abiturum.</span> <span class='ocrx_word' id='word_1_213' title='bbox 707 3029 800 3107; x_wconf 91' lang='lat' dir='ltr'>Igitur</span> <span class='ocrx_word' id='word_1_214' title='bbox 818 3026 926 3102; x_wconf 90' lang='lat' dir='ltr'>Latini,</span> <span class='ocrx_word' id='word_1_215' title='bbox 947 3047 1016 3089; x_wconf 90' lang='lat' dir='ltr'>cum</span> 
     </span>
     <span class='ocr_line' id='line_1_30' title="bbox 119 3124 1016 3210; baseline -0.006 -21"><span class='ocrx_word' id='word_1_216' title='bbox 119 3131 235 3206; x_wconf 90' lang='lat' dir='ltr'>quibus,</span> <span class='ocrx_word' id='word_1_217' title='bbox 250 3132 340 3192; x_wconf 88' lang='lat' dir='ltr'>Tullo</span> <span class='ocrx_word' id='word_1_218' title='bbox 360 3138 511 3210; x_wconf 86' lang='lat' dir='ltr'>regnante,</span> <span class='ocrx_word' id='word_1_219' title='bbox 529 3128 622 3187; x_wconf 91' lang='lat' dir='ltr'>ictum</span> <span class='ocrx_word' id='word_1_220' title='bbox 638 3124 736 3187; x_wconf 87' lang='lat' dir='ltr'>soedus</span> <span class='ocrx_word' id='word_1_221' title='bbox 754 3137 823 3199; x_wconf 88' lang='lat' dir='ltr'>erat,</span> <span class='ocrx_word' id='word_1_222' title='bbox 839 3127 1016 3186; x_wconf 88' lang='lat' dir='ltr'>sustulerant</span> 
     </span>
    </p>

    <p class='ocr_par' dir='ltr' id='par_1_7' title="bbox 117 3211 1086 3403">
     <span class='ocr_line' id='line_1_31' title="bbox 117 3211 1086 3307; baseline -0.007 -20"><span class='ocrx_word' id='word_1_223' title='bbox 117 3225 254 3289; x_wconf 87' lang='lat' dir='ltr'>animos:</span> <span class='ocrx_word' id='word_1_224' title='bbox 279 3240 316 3302; x_wconf 87' lang='lat' dir='ltr'>et,</span> <span class='ocrx_word' id='word_1_225' title='bbox 337 3248 428 3307; x_wconf 90' lang='lat' dir='ltr'>quum</span> <span class='ocrx_word' id='word_1_226' title='bbox 449 3224 648 3287; x_wconf 89' lang='lat' dir='ltr'>incursionem</span> <span class='ocrx_word' id='word_1_227' title='bbox 666 3223 697 3284; x_wconf 91' lang='lat' dir='ltr'>in</span> <span class='ocrx_word' id='word_1_228' title='bbox 719 3243 821 3302; x_wconf 88' lang='lat' dir='ltr'>agmm</span> <span class='ocrx_word' id='word_1_229' title='bbox 842 3226 1014 3284; x_wconf 85' lang='lat' dir='ltr'>Romanum</span> <span class='ocrx_word' id='word_1_230' title='bbox 1083 3211 1086 3220; x_wconf 75' lang='lat'>&#39;</span> 
     </span>
     <span class='ocr_line' id='line_1_32' title="bbox 117 3321 1013 3403; baseline -0.007 -20"><span class='ocrx_word' id='word_1_231' title='bbox 117 3324 264 3400; x_wconf 83' lang='lat' dir='ltr'>iecissent,</span> <span class='ocrx_word' id='word_1_232' title='bbox 275 3325 477 3403; x_wconf 89' lang='lat' dir='ltr'>repetentibus</span> <span class='ocrx_word' id='word_1_233' title='bbox 484 3343 531 3385; x_wconf 88' lang='lat' dir='ltr'>res</span> <span class='ocrx_word' id='word_1_234' title='bbox 546 3321 691 3384; x_wconf 87' lang='lat' dir='ltr'>Romanis</span> <span class='ocrx_word' id='word_1_235' title='bbox 702 3323 828 3399; x_wconf 85' lang='lat' dir='ltr'>superbe</span> <span class='ocrx_word' id='word_1_236' title='bbox 838 3337 1013 3397; x_wconf 87' lang='lat' dir='ltr'>responsum</span> 
     </span>
    </p>
   </div>
   <div class='ocr_carea' id='block_1_5' title="bbox 117 3417 1012 3580">
    <p class='ocr_par' dir='ltr' id='par_1_8' title="bbox 117 3417 1012 3580">
     <span class='ocr_line' id='line_1_33' title="bbox 117 3417 1012 3500; baseline -0.009 -18"><span class='ocrx_word' id='word_1_237' title='bbox 117 3423 244 3484; x_wconf 90' lang='lat' dir='ltr'>reddunt</span> <span class='ocrx_word' id='word_1_238' title='bbox 253 3446 263 3500; x_wconf 79' lang='lat'><em>3</em></span> <span class='ocrx_word' id='word_1_239' title='bbox 290 3423 425 3485; x_wconf 89' lang='lat' dir='ltr'>desidem</span> <span class='ocrx_word' id='word_1_240' title='bbox 446 3424 617 3484; x_wconf 86' lang='lat' dir='ltr'>Romanum</span> <span class='ocrx_word' id='word_1_241' title='bbox 637 3439 737 3498; x_wconf 87' lang='lat' dir='ltr'>regem</span> <span class='ocrx_word' id='word_1_242' title='bbox 757 3419 833 3478; x_wconf 90' lang='lat' dir='ltr'>inter</span> <span class='ocrx_word' id='word_1_243' title='bbox 853 3417 961 3477; x_wconf 84' lang='lat' dir='ltr'>sacella</span> <span class='ocrx_word' id='word_1_244' title='bbox 982 3426 1012 3475; x_wconf 90' lang='lat' dir='ltr'>et</span> 
     </span>
     <span class='ocr_line' id='line_1_34' title="bbox 537 3536 588 3580; baseline -0.039 0"><span class='ocrx_word' id='word_1_245' title='bbox 537 3536 556 3580; x_wconf 94' lang='lat' dir='ltr'><strong>c</strong></span> <span class='ocrx_word' id='word_1_246' title='bbox 571 3538 588 3578; x_wconf 78' lang='lat'><em>2</em></span> 
     </span>
    </p>
   </div>
   <div class='ocr_carea' id='block_1_6' title="bbox 0 0 1200 3838">
    <p class='ocr_par' dir='ltr' id='par_1_9' title="bbox 0 0 1200 3838">
     <span class='ocr_line' id='line_1_35' title="bbox 0 0 1200 3838; baseline 0 5"><span class='ocrx_word' id='word_1_247' title='bbox 0 0 1200 3838; x_wconf 95' lang='lat' dir='ltr'> </span> 
     </span>
    </p>
   </div>
  </div>
 </body>
</html>
