2390 3838
381 265 578 320 renqururus
600 267 767 310 superous.
984 260 1027 327 33'

116 399 315 479 Tarquinium
335 404 415 461 mala
436 402 530 463 libido
546 403 692 465 Lucretiae
711 424 766 482 per
778 403 838 463 vim
857 406 1026 481 stuprandae

116 499 219 576 capit:
239 492 306 559 'tum
327 502 430 574 forma,
447 513 510 560 tum
532 512 666 580 spectata
686 502 806 562 castitas
833 501 943 563 incitat
986 501 1027 563 Et

114 607 182 656 tum
203 596 325 674 quidem
346 600 384 658 ab
406 610 554 659 nocturno
573 599 698 675 juvenili
711 600 784 660 ludo
802 598 834 659 in
848 612 944 660 castra
962 601 1026 660 red-

116 706 198 755 eunt

158 813 207 866 41.
231 792 336 853 Paucis
347 792 510 870 interjectis
521 793 635 866 diebus,
648 795 713 854 Sex.
727 793 912 871 Tarquinius,
929 794 1025 856 inscio

115 890 279 964 Collatino,
299 911 367 951 cum
384 892 494 951 comite
513 911 574 951 uno
594 891 751 953 Collatiam
766 891 854 955 venit
899 892 962 953 Ubi
976 913 1032 952 ex·-

114 999 222 1065 ceptus
242 989 371 1065 benigne
385 990 424 1048 ab
441 988 550 1065 ignaris
569 988 695 1063 consilii,
711 1009 803 1066 quum
822 1000 892 1066 post
905 1009 1024 1050 coenam

114 1086 147 1146 in
166 1086 314 1164 hospitale
333 1086 503 1146 cubiculum
517 1088 663 1147 deductus
684 1097 770 1159 esset,
785 1106 887 1154 amore
905 1089 1022 1166 ardens,

114 1193 276 1261 postquam
291 1184 360 1244 satis
375 1195 438 1244 tuta
451 1183 538 1257 circa,
554 1185 704 1263 sopitique
717 1204 822 1245 omnes
836 1184 1021 1261 videbantur,

114 1281 218 1342 stricto
231 1282 331 1359 gladio
345 1284 386 1342 ad
399 1283 597 1350 dormientem
613 1281 781 1343 Lucretiam
794 1281 883 1356 venit,
895 1281 1022 1343 sinistra-

115 1402 175 1459 que
187 1401 276 1441 manu
290 1381 419 1441 mulieris
433 1391 554 1458 pectore
573 1400 727 1458 oppressu,
745 1383 847 1454 ‘Tace,
864 1379 1021 1454 Lucretia‚’

114 1479 221 1556 inquit,
246 1480 323 1539 ‘Sex.
346 1479 525 1554 Tarquinius
547 1498 634 1554 sum;
654 1481 763 1543 serrum
783 1477 814 1537 in
835 1498 925 1561 manu
953 1490 1020 1539 est:

113 1576 247 1649 moriere,
255 1576 280 1636 si
291 1574 421 1636 emiseris
431 1578 553 1643 vocem'
567 1578 668 1652 Quum
678 1575 786 1654 pavida
796 1596 834 1641 ex
842 1596 948 1637 somno
958 1596 1020 1636 mu·

113 1674 168 1735 lier
182 1676 295 1742 nullam
309 1693 398 1751 opem
409 1694 512 1751 prope,
524 1685 652 1735 mortem
661 1676 875 1751 ‚imminentem
888 1673 1002 1758 uideret
1009 1695 1018 1748 3

112 1786 178 1834 tum
192 1771 372 1849 Tarquinius
388 1771 473 1832 fateri
486 1792 627 1855 amorem,
642 1792 735 1854 orare,
745 1771 870 1835 misc‘e're
880 1771 1018 1850 precibus

112 1870 219 1944 minas,
243 1889 359 1932 versare
384 1869 414 1930 in
437 1891 542 1952 omnes
562 1882 660 1948 partes
680 1869 855 1952 muliebrem
876 1869 1015 1955 animum.

113 1969 178 2029 Ubi
198 1967 378 2029 obstinatam
399 1967 527 2043 videbat,
550 1979 580 2049 et
603 1988 642 2028 ne
663 1966 766 2029 mortis
783 1967 909 2044 quidem
936 1979 1016 2052 metu

112 2065 257 2140 inclinari,
271 2066 357 2126 addit
377 2067 417 2127 ad
431 2077 543 2143 metum
555 2065 705 2126 dedecus:
721 2084 792 2125 cum
805 2075 922 2126 mortua
933 2066 1016 2148 jugu-

112 2166 206 2224 latum
231 2182 346 2224 servum
366 2165 531 2245 positurum
552 2162 602 2237 ait,
623 2172 656 2223 ut
676 2162 705 2222 in
728 2161 850 2223 sordido
871 2160 1016 2245 adulterio

111 2272 219 2321 necata
228 2259 351 2321 dicatur.
394 2260 464 2336 Quo
479 2268 588 2322 terrore
599 2258 691 2337 quum
705 2259 823 2320 vicisset
834 2258 1015 2323 obstinatam

111 2357 294 2437 pudicitiam,
309 2361 519 2437 profectusque
540 2361 615 2421 inde·
632 2373 717 2434 esset,
741 2358 886 2432 Lucretia,
909 2370 1014 2419 maesta

111 2468 195 2517 tanto
223 2458 313 2532 malo,
342 2457 479 2517 nuntium
507 2460 637 2518 Romam
665 2459 795 2534 eundern
823 2462 862 2521 ad
890 2467 1012 2538 patrem,

109 2556 302 2631 Ardeamque
320 2553 468 2614 advirum
489 2554 588 2629 mittit,
604 2565 637 2615 ut
651 2569 719 2615 cum
734 2557 855 2634 singulis
875 2557 1013 2617 fidelibus

110 2651 213 2712 amicis
226 2650 348 2737 veniant
353 2673 362 2726 3
383 2660 446 2712 rem
460 2664 592 2713 atrocem
605 2652 754 2723 incidisse.
796 2656 845 2731 Sp.
859 2653 1012 2724 Lucretius

109 2768 178 2809 cum
200 2752 234 2808 P.
249 2747 371 2809 Valerio
385 2749 490 2809 Volesi
507 2750 582 2823 filio,
599 2749 767 2820 Collatinus
788 2770 856 2810 cum
871 2753 905 2811 L'.
920 2751 1012 2828 Junio

109 2848 202 2908 Bruto
215 2846 318 2923 venit3
339 2866 407 2921 curn
422 2866 482 2926 quo
492 2849 567 2908 forte
579 2849 707 2914 Romam
722 2846 840 2908 rediens
855 2849 893 2909 ab
901 2849 1012 2910 nuntio

109 2943 208 3005 uxoris
228 2957 291 3006 erat
304 2955 478 3005 conventus
521 2944 689 3005 Lucretiam
703 2945 857 3006 sedentem
875 2952 1010 3008 maestam

109 3041 455 3123 incubiculoinveniuut
472 3043 613 3109 Adventu
619 3043 872 3104 suommlacrimae
881 3046 1011 3125 obortae:

108 3139 310 3220 quaerentique
338 3140 408 3214 viro,
426 3139 528 3218 fSatinT
557 3140 680 3221 salvae?'
710 3141 869 3215 ‘Minime'
894 3127 1010 3219 inq'uit'3

106 3237 196 3315 ‘quid
209 3237 290 3298 enim
307 3237 380 3300 salvi
401 3250 445 3298 est
463 3238 592 3317 mulieri,
607 3237 715 3299 amissa
731 3239 898 3317 pudicitia?
938 3243 1010 3309 Vct-⁴

106 3333 176 3412 tigia
189 3334 243 3395 viri
256 3334 353 3410 alieni,
370 3335 525 3409 Collatine‚
540 3336 571 3396 in
591 3339 669 3399 lecto
683 3349 752 3398 sunt
761 3349 826 3400 tuo.
866 3334 1009 3400 Ceterum

107 3452 213 3511 corpus
242 3445 287 3496 est
314 3443 429 3495 tantum
457 3435 607 3514 violatum,
632 3435 753 3521 animus
780 3436 901 3529 insons'3
928 3454 1008 3519 mors

548 3549 570 3592 υ
