2390 3838
183 280 221 337 28
390 295 455 337 rua
476 295 575 339 savari
597 295 693 338 xmus
715 296 754 338 on
775 297 870 340 nonu

224 436 271 510 36.
297 435 373 494 Inde
385 436 417 493 L.
431 433 608 511 Tarquinius
622 455 743 513 regnare
753 434 879 513 occepit,
890 433 938 495 cui
949 436 1085 513 Superbo

182 552 349 609 cognomen
365 534 443 593 facta
453 532 631 594 indiderunt.
669 537 700 594 Is
713 534 857 611 primores
869 538 997 607 Patrum,
1008 554 1084 610 quos

183 629 274 690 Servii
297 634 383 689 rebus
405 630 512 690 favisse
536 632 685 706 credebat,
701 632 864 692 interfecit:
893 643 923 693 et
947 631 1085 691 conscius

183 730 260 787 male
275 729 427 804 quaerendi
439 728 521 807 regni
535 731 574 789 ab
588 749 621 789 se
634 729 701 808 ipso
714 731 854 791 adversus
868 751 900 791 se
915 716 1084 808 exemplum

183 825 251 903 capi
264 845 360 903 posse,
372 829 491 887 armatis
502 846 609 908 corpus
620 827 839 905 circumsaepsit
885 831 993 906 Neque
1004 827 1085 888 enim

183 926 223 984 ad
246 927 294 1002 jus
316 924 399 1002 regni
421 925 580 1002 quicquam
602 937 708 1002 praeter
724 926 784 986 vim
806 927 957 1003 habebat3
977 938 1010 986 ut
1032 925 1084 1003 qui

183 1041 282 1099 neque
299 1023 402 1099 populi
423 1025 516 1099 jussu,
531 1042 629 1101 neque
644 1024 814 1085 auctoribus
834 1024 970 1085 Patribus
983 1043 1086 1102 regna·

184 1130 236 1180 ret
280 1122 327 1180 Eo
348 1121 520 1194 accedebat,
537 1132 569 1179 ut
592 1119 623 1179 in
646 1121 767 1181 caritate
789 1120 898 1181 civium
922 1122 995 1181 nihil
1020 1121 1086 1198 spei

184 1218 340 1294 reponenti
369 1228 450 1277 metu
477 1237 599 1294 regnum
626 1218 783 1277 tutandum
811 1232 908 1279 esset:
938 1218 1029 1296 quem
1051 1229 1086 1278 ut

183 1315 316 1391 pluribus
341 1317 492 1385 incuteret,
507 1313 692 1390 cognitiones
707 1315 876 1392 capitalium
901 1336 997 1376 rerum
1020 1315 1085 1375 sine

184 1412 314 1472 consiliis
334 1432 388 1489 per
401 1430 432 1470 se
447 1413 526 1471 solus
545 1414 722 1471 exercebat:
743 1432 854 1489 perque
874 1433 941 1473 earn
963 1432 1084 1474 cansam

183 1511 329 1582 occidere,
345 1509 376 1568 iu
390 1508 524 1567 exsilium
538 1528 632 1586 agere,
648 1507 736 1569 bonis
749 1511 873 1570 multare
893 1522 1007 1588 poterat
1023 1531 1086 1571 non

184 1619 338 1685 suspectos
354 1607 445 1665 modo
457 1616 507 1665 aut
521 1605 640 1680 invisos,
650 1608 705 1667 sed
718 1609 799 1667 unde
810 1608 882 1667 nihil
896 1609 985 1684 aliud,
996 1591 1086 1686 quam

184 1705 325 1781 praedam,
336 1723 452 1780 sperare
465 1715 574 1780 posset.
611 1706 660 1764 Ita
672 1707 791 1764 Patrum
802 1705 1086 1783 praecipue‘numero

184 1803 341 1862 imminuto
366 1802 468 1861 statuit
489 1803 586 1861 nullos
610 1801 641 1861 in
663 1805 765 1862 Patres
788 1804 905 1880 legere:
933 1824 994 1881 quo
1017 1823 1088 1865 con-

183 1901 324 1977 temptior
347 1900 495 1977 paucitate
515 1899 580 1977 ipsa
600 1902 675 1961 ordo
697 1911 782 1973 esset,
798 1901 955 1978 minusque
976 1921 1030 1978 per
1053 1920 1087 1962 se

183 1997 257 2057 nihil
285 1996 332 2075 agi
359 1996 587 2074 indignarentur.
644 1999 707 2057 Hic
734 1997 814 2058 enirn
841 2018 941 2075 regum
974 1999 1087 2075 primus

183 2092 323 2156 traditum
350 2115 369 2155 a
398 2095 543 2172 prioribus
570 2115 685 2156 morem
712 2098 752 2156 de
776 2096 915 2156 omnibus
951 2107 1087 2156 senatum

99 2192 102 2201 ’
183 2195 360 2255 consulendi
385 2194 491 2254 solvit:
521 2194 693 2255 domesticis
717 2194 848 2255 consiliis
872 2197 1086 2272 rempublicam

182 2292 418 2351 administravit:
440 2294 559 2366 bellurn,
578 2311 693 2368 pacem,
713 2295 834 2365 foedera,
854 2293 1011 2353 societates
1033 2312 1088 2369 per

182 2410 215 2450 se
233 2391 307 2468 ipse,
322 2409 388 2449 cum
405 2390 513 2466 quibus
527 2388 629 2462 voluit,
644 2388 760 2468 injussu
779 2390 883 2468 populi
902 2411 938 2450 ac
952 2399 1082 2465 senatus,

181 2483 251 2544 lecit
279 2482 463 2559 diremitque.
508 2482 694 2543 latinorum
722 2485 779 2544 sibi
806 2485 935 2545 maxime
962 2497 1083 2562 gentem

181 2581 368 2652 conciliabat,
390 2593 422 2640 ut
446 2579 607 2657 peregrinis
627 2600 748 2658 quoque
769 2583 876 2659 opibus
898 2582 988 2642 tutior
1009 2581 1087 2642 inter

181 2678 261 2739 cives
286 2680 384 2739 e'sset:
413 2697 511 2754 neque
535 2677 665 2755 hospitia
692 2680 784 2740 modo
812 2700 880 2739 curn
908 2678 1086 2755 primoribus
1180 2760 1181 2763 Ἴ

182 2794 294 2849 eorum,
325 2775 377 2835 sed
412 2775 570 2835 affinitates
605 2795 725 2853 quoque
759 2778 911 2852 jungebat.
956 2775 1085 2836 Octavio

183 2874 320 2933 Mamilio
335 2874 571 2934 Tusculano—is
585 2875 673 2951 longe
688 2874 827 2951 princeps
843 2872 941 2932 Latini
955 2874 1084 2934 nominis

180 2983 252 3045 erat,
268 2971 292 3031 si
314 2974 400 3033 lamae
414 2972 569 3044 credimus,
585 2973 624 3032 ab
640 2972 730 3033 Ulixe
750 2972 867 3048 deaque
881 2969 968 3032 Circe
988 2971 1085 3032 oriun-

180 3070 305 3131 dus-fei
316 3070 450 3131 Mamilio
460 3071 558 3129 filiam
569 3081 693 3147 nuptum
705 3070 895 3146 dat3perque
906 3090 956 3130 eas
967 3070 1085 3147 nuptias
1180 3128 1181 3161 i

180 3169 290 3227 multos
305 3167 361 3227 sibi
375 3178 519 3244 cognatos
533 3166 705 3242 amicosque
720 3167 784 3243 ejus
798 3167 945 3228 conciliat.
1180 3166 1181 3179 ¹

222 3283 269 3341 37.
293 3269 321 3325 N
325 3285 367 3338 ec,
380 3276 412 3324 ut
426 3265 551 3339 injustus
565 3263 596 3322 in
610 3283 685 3340 pace
695 3283 755 3337 rex,
765 3263 807 3324 ita
821 3266 882 3325 dux
892 3266 963 3326 belli
978 3286 1084 3343 pravus

180 3362 243 3422 fuit
295 3364 325 3420 Is
348 3361 458 3438 primus
483 3359 602 3420 Volscis
626 3360 739 3419 bellum
761 3362 863 3434 movit,
887 3365 1084 3439 Suessamque
1180 3382 1181 3411 t

181 3458 345 3520 Pometiam
374 3478 411 3518 ex
433 3456 478 3516 his
500 3456 529 3516 vi
552 3455 639 3535 cepit.
683 3459 747 3520 Ubi
775 3480 866 3538 quum
895 3461 1085 3522 divendenda
1180 3476 1181 3523 5
