2390 3838
173 260 209 326 26
378 276 442 320 rrrr
464 277 563 322 savam
584 278 680 321 remos
701 278 741 321 or
761 277 856 321 nour.

172 415 313 492 deinceps
327 428 415 493 auget
429 416 576 495 Esquilias
590 440 596 477 :
616 416 717 495 ibique
731 417 803 496 ipse,
815 428 848 477 ut
861 417 930 477 loco
941 413 1071 493 dignitas

171 516 261 587 fieret,
276 512 398 595 habitat.

214 632 260 687 34.
284 613 365 670 Dum
377 631 422 671 res
440 613 567 672 urbanas
581 611 623 672 ita
636 614 782 672 formabat
797 623 826 672 et
839 612 878 672 ad
900 611 972 672 belli
986 620 1016 669 et
1030 610 1072 669 ad

172 706 254 786 pacis
269 729 345 783 usus,
358 709 471 769 invidia
484 712 566 788 regni
580 710 657 771 inter
669 711 849 772 domesticos
863 709 955 770 infida
969 706 1074 768 omnia

172 816 262 884 atque
283 806 389 867 infesta
408 808 543 869 faciebat.
587 811 723 882 Duobus,
739 820 771 868 ut
791 821 860 869 ante
881 808 994 868 dictum
1016 815 1070 879 est,

173 904 349 980 Tarquiniis,
371 925 495 983 quorum
518 909 591 967 alter
612 917 674 967 erat
696 906 782 980 mitis,
805 909 878 966 alter
900 903 1007 966 ferocis
1029 902 1073 961 in-

172 1002 260 1079 genii,
288 1003 355 1064 duae
388 1004 502 1078 Tulliae,
531 1005 606 1083 regis
632 1004 708 1079 filiae,
737 1015 907 1082 nupserant,
937 1014 967 1064 et
999 1002 1074 1078 ipsae

174 1103 263 1177 louge
277 1101 408 1178 dispares
422 1102 561 1163 moribus.
605 1106 634 1163 N
638 1123 672 1163 ec
690 1102 793 1163 similis
807 1101 894 1162 simili
912 1101 1070 1162 ceciderat.

174 1201 273 1259 Tullia
295 1200 398 1272 minor,
415 1201 525 1261 femina
546 1221 644 1279 pravae
668 1201 846 1275 ambitionis,
863 1219 948 1260 suum
970 1203 1075 1278 conju-

173 1318 242 1375 gem
263 1318 369 1374 perosa
387 1303 540 1372 Amorem,
557 1312 586 1361 et
607 1311 670 1361 tota
684 1300 715 1359 in
736 1302 858 1360 alterum
880 1298 1073 1359 similitudine

174 1415 259 1455 versa
287 1397 488 1475 Tarquinium,
516 1418 583 1458 eurn
610 1398 716 1470 mirari,
746 1419 813 1458 eum
840 1396 935 1457 virum
962 1399 1071 1470 dicere,

175 1493 264 1552 nullis
278 1497 434 1554 verborum
454 1496 640 1556 contumeliis
658 1516 786 1573 parcere,
801 1507 951 1573 postremo
973 1494 1074 1556 omnia

176 1590 279 1651 ultima
301 1592 417 1651 hortari.
461 1592 604 1653 Celeriter
627 1594 849 1654 adolescentem
875 1613 935 1653 suae
959 1591 1074 1653 temeri·

176 1688 244 1748 tatis
278 1689 388 1766 implet.
432 1690 541 1766 Lucius
568 1691 745 1769 Tarquinius
779 1703 808 1751 et
836 1691 934 1750 Tullia
967 1689 1072 1764 minor,

177 1806 268 1863 quum
283 1806 377 1863 prope
392 1788 569 1849 continuatis
583 1789 732 1849 funeribus
751 1786 979 1849 domos'vacuas
993 1806 1074 1848 novo

91 1930 95 1936 .
177 1885 366 1945 matrimonio
390 1885 537 1961 fecissent,
562 1890 723 1965 junguntur
749 1887 867 1965 nuptiis,
892 1885 985 1963 magis
1012 1904 1075 1945 non

178 1981 357 2058 prohibente
378 1983 487 2057 Servio,
503 2003 593 2060 quam
613 1986 805 2061 approbante.
849 1986 927 2043 Tum
941 2001 1011 2042 vero
1033 1981 1077 2041 in·

178 2080 243 2139 dies
266 2079 398 2139 infestior
417 2080 497 2140 Tulli
519 2093 663 2155 senectus,
686 2081 820 2141 infestius
840 2079 932 2157 coepit
952 2098 1076 2156 regnum

180 2197 252 2237 esse.
296 2180 364 2254 Jam
383 2178 462 2238 enim
481 2180 519 2239 ab
535 2181 644 2241 scelere
658 2181 697 2240 ad
717 2180 796 2239 aliud
820 2189 953 2256 spectare
972 2177 1078 2237 mulier

179 2277 294 2335 scelus:
322 2295 379 2336 nec
403 2288 492 2337 nocte
516 2298 573 2337 nec
597 2277 724 2337 interdiu
747 2280 840 2336 virum
866 2275 1077 2353 conquiescere

179 2371 250 2449 pati,
279 2392 318 2431 ne
351 2373 477 2449 gratuita
503 2375 650 2452 praeterita
677 2374 833 2451 parricidia
868 2384 973 2434 essent.
1018 2370 1078 2432 His

180 2468 373 2529 muliebribus
394 2470 550 2532 instinctus
570 2472 660 2545 furiis,
675 2470 853 2548 Tarquinius
874 2469 1026 2531 circumire
1047 2481 1079 2530 et

179 2586 318 2644 prensare
343 2570 463 2643 Patres;
483 2569 601 2630 allicere
623 2569 710 2629 donis
732 2570 857 2644 juvenes
869 2590 877 2641 3
902 2580 964 2626 tum
985 2568 1024 2626 de
1046 2587 1080 2627 se

180 2664 310 2742 ingentia
334 2668 513 2742 pollicendo,
540 2651 603 2727 tum
631 2666 706 2743 regis
733 2665 913 2738 criminibus,
938 2661 1079 2724 omnibus

180 2762 254 2822 locis
269 2783 407 2825 crescere.

222 2880 239 2935 3
244 2878 269 2937 5.
293 2863 455 2933 Postremo,
470 2871 502 2921 ut
514 2861 577 2937 jam
591 2860 715 2936 agendae
728 2857 770 2918 rei
785 2868 901 2934 tempus
915 2855 1010 2916 risum
1022 2867 1076 2932 est,

181 2956 305 3034 stipatus
326 2959 443 3036 agmine
465 2970 651 3030 armatorum,
674 2956 705 3015 in
730 2957 824 3015 forum
848 2953 969 3033 irrupit;
998 2953 1078 3029 inde,

182 3056 321 3115 omnibus
349 3055 490 3132 perculsis
518 3074 635 3132 pavore,
658 3054 689 3114 in
714 3051 794 3130 regia
818 3052 889 3113 sede
917 3073 971 3129 pro
999 3052 1081 3112 curia

182 3155 297 3219 sedens,
323 3156 424 3214 Patres
451 3152 482 3211 in
508 3151 618 3212 curiam
645 3171 700 3228 per
725 3169 894 3228 praeconem
917 3151 956 3211 ad
980 3168 1077 3228 regern

182 3251 376 3328 Tarquinium
410 3249 493 3311 citari
525 3249 619 3326 jussit.
664 3250 764 3324 Quum
799 3240 1017 3320 convenissent,
1050 3257 1081 3307 et

182 3349 347 3426 Tarquinio
369 3347 560 3407 concionanti
585 3347 709 3420 Servius,
733 3347 850 3423 trepido
874 3346 979 3406 nuntio
1004 3343 1080 3405 exci-

182 3458 270 3520 tatus,
285 3444 497 3517 intervenisset,
512 3445 662 3519 extemplo
677 3465 695 3506 a
708 3445 855 3508 vestibulo
873 3444 960 3506 curiae
974 3461 1081 3522 magna
