2390 3838
383 276 581 331 rnnoornros
604 258 776 326 superaus.
836 261 838 265 ’
996 282 1035 345 35

124 424 250 475 ventum
279 426 332 490 est,
367 434 545 493 quacunque
579 417 699 494 inqedit,
734 431 847 483 armata
879 422 1039 485 multitudo

124 531 271 588 pavorem
299 533 335 573 ac
355 515 514 573 tumultum
534 515 612 575 facit.
654 519 721 579 Nec
747 520 894 580 minorem
921 532 1036 582 motum

124 609 294 672 animorum
316 614 425 672 Romae
445 623 506 672 tam
528 624 612 674 atrox
630 634 677 675 res
696 614 774 691 facit,
790 637 880 693 quam
900 618 1037 680 Collatiae

123 708 245 769 fecerat.
289 712 370 787 Ergo
391 729 427 769 ex
449 709 589 771 omnibus
608 713 682 773 loeis
702 713 782 775 urbis
803 714 834 773 in
856 716 950 776 forum
968 736 1037 778 con-

122 805 257 868 curritur.
301 808 370 884 Quo
392 809 478 870 simul
505 822 628 870 ventum
643 821 695 882 est,
708 831 807 889 praeco
828 814 868 873 ad
886 814 1035 875 tribunum

124 904 310 979 Celerums
301 926 333 965 ιιι
358 919 502 983 quotum
529 907 700 985 magistratu
727 910 802 969 forte
830 913 937 972 Brutus
965 923 1036 979 erat,

122 1004 270 1111 populum
292 1004 456 1064 advocavit.
488 1005 536 1066 Ibr
547 1018 641 1065 oratro
652 1005 760 1080 habita,
770 1027 958 1101 nequaquam
973 993 1037 1089 ejds

122 1099 257 1177 pectoris
278 1100 458 1211 ingeniique,
482 1104 563 1181 quod
584 1103 755 1163 simulatum
784 1106 823 1164 ad
856 1126 921 1165 eam
939 1090 1039 1199 diem

123 1198 228 1272 suerat,
258 1199 296 1260 de
323 1198 353 1259 vi
381 1221 416 1260 ac
445 1201 569 1261 libidine
597 1202 662 1261 Sex.
686 1201 849 1292 Tarquinii,
867 1205 906 1263 de
931 1216 1033 1281 stupro

123 1295 249 1358 infando
264 1299 409 1358 Lucretiae
423 1309 453 1359 et
466 1298 625 1359 miserabili
639 1299 737 1373 caede,
748 1291 787 1358 de
802 1298 928 1361 orbitate
943 1302 1039 1383 Trici-¹

123 1393 222 1471 pitini,
237 1395 285 1457 cui
300 1408 394 1457 morte
409 1396 477 1457 filiae
492 1416 581 1456 causa
594 1395 697 1456 mortis
711 1396 904 1505 indigniorac
917 1398 1033 1459 misera-

123 1492 214 1553 brlror
222 1505 307 1554 esset
319 1494 433 1553 Addita
442 1492 579 1571 superbia
587 1512 672 1570 regis,
680 1513 864 1571 miseriaeque
876 1507 906 1556 et
915 1498 1032 1557 labores

123 1591 266 1668 plebis,'
258 1612 289 1651 ιιι
315 1592 409 1652 fossas
437 1594 614 1687 cloacasque
638 1590 854 1667 exhauriendas
879 1595 1029 1655 demersae.

123 1691 281 1750 Romanos
299 1688 444 1763 homines,
460 1678 588 1749 victores
603 1676 736 1749 omniurn
751 1689 831 1750 circa
843 1673 1031 1769 populorum,
1035 1679 1039 1690 ’
1106 1682 1108 1686 ’

122 1786 250 1864 opifices
274 1807 310 1846 ac
323 1787 467 1864 lapicidas
481 1806 535 1863 pro
550 1785 742 1847 bellatoribus
756 1788 858 1848 factos.
902 1791 1032 1883 Indigna

122 1887 184 1946 Ser.
200 1883 293 1944 Tullii
312 1884 389 1962 regis
410 1895 573 1945 memorata
593 1874 700 1958 caedes,
722 1896 753 1944 et
772 1885 891 1946 invecta
912 1888 1031 1964 corpori
1058 1928 1062 1935 -

122 1981 215 2059 patris
223 1983 353 2043 nefando
362 1981 497 2042 vehiculo
508 1982 568 2040 filia
574 2004 582 2056 3
601 1966 796 2065 ,inuocatique
807 1966 916 2043 ultores
929 2003 1039 2062 paren-q

122 2092 186 2140 turn
201 2079 250 2141 dii.
276 2080 334 2140 His
348 2078 517 2147 memoratis
530 2077 683 2157 incensam
691 2077 910 2159 multitudinem
924 2100 1030 2158 perpu-

121 2178 165 2251 lit,
180 2189 214 2238 ut
228 2177 385 2255 imperium
395 2175 456 2254 regi
471 2178 636 2252 abrogaret,
649 2176 825 2252 exsulesque
834 2196 900 2237 esse
913 2180 1031 2253 juberet

123 2277 156 2336 L.
170 2275 365 2352 Tarquinium
376 2294 444 2334 cum
453 2275 580 2351 conjuge
592 2273 744 2341 acliberis.
765 2275 845 2358 Ipse,
854 2274 1029 2352 junioribus,

123 2373 174 2451 qui
194 2375 272 2433 ultro
292 2371 415 2433 nomina
436 2373 557 2444 dabant,
579 2369 664 2431 lectis
684 2371 874 2460 armatisque,
896 2374 935 2433 ad
960 2393 1036 2483 con7

121 2471 277 2531 citandum
296 2470 367 2530 inde
388 2470 528 2530 adversus
547 2488 648 2559 regem
667 2468 827 2542 exercitum
847 2471 1006 2531 Ardeam
998 2492 1027 2541 m

121 2581 219 2631 castra
235 2581 280 2630 est
298 2570 469 2646 proiectus;
477 2567 637 2653 imperium
651 2565 682 2626 in
701 2549 773 2628 urbe
792 2555 930 2628 Lucretio
932 2580 1036 2645 ,ριεέ,

120 2671 202 2729 fecto
217 2667 320 2728 urbis
310 2686 371 2742 Jam
385 2677 455 2726 ante
469 2667 508 2725 ab
519 2684 586 2742 rege
597 2663 740 2736 instituto,
752 2654 899 2747 relinquit
943 2669 994 2726 Int
982 2677 1036 2749 ter

120 2768 202 2827 hunc
222 2766 382 2825 tumultum
409 2762 507 2822 Tullia
534 2762 626 2822 domo
645 2761 795 2859 profugit,
799 2765 1027 2825 exsecrantibus,

121 2883 299 2973 quacunque
313 2861 479 2932 incedebat,
490 2844 758 2937 invocantibusque
767 2872 922 2938 parentum
937 2863 1030 2924 furias

120 2961 190 3021 viris
204 2959 447 3035 mulieribusque
910 3018 913 3026 ,
1005 3019 1015 3042 ,

160 3080 208 3135 43.
223 3061 341 3118 Harum
352 3076 447 3116 rerum
462 3054 573 3115 nuntiis
588 3032 618 3114 in
632 3038 728 3115 castra
741 3018 870 3133 perlatis,
887 3032 977 3140 quum
992 3079 1027 3119 re

120 3177 201 3218 nova
219 3154 351 3232 trepidus
365 3174 417 3215 rex
430 3164 563 3231 pergeret
578 3154 708 3241 Romam
729 3154 768 3213 ad
783 3155 1024 3232 comprimendos

118 3265 228 3326 motus,
246 3250 367 3311 flexit
341 3271 418 3311 vram
443 3252 548 3327 Brutus
571 3226 716 3335 (senserat
744 3250 822 3310 enirn
850 3253 1025 3332 adventum)

118 3373 157 3414 ne
172 3350 389 3413 obviusfieret·
381 3347 571 3424 ,eodemque
581 3349 641 3406 fere
650 3357 792 3424 ternpore,
804 3348 949 3408 diversis
941 3349 1024 3410 itine-

118 3450 207 3524 ribus,
227 3450 333 3507 Brutus
352 3445 491 3518 Ardeam,
509 3444 687 3520 Tarquinius
706 3446 845 3520 Romam,
867 3458 1018 3507 venerunt

547 3559 570 3599 n
586 3561 602 3599 2
