2390 3838
409 249 529 294 TULLUS
550 249 723 294 HOSTILIUS.
979 250 1013 312 15

116 394 173 456 tria
186 395 304 454 Albana
318 395 447 453 Romam
461 411 562 453 versus
571 412 580 467 3
601 392 655 452 sed
676 389 815 452 distantia
834 389 918 463 locis,
933 400 963 452 et
982 403 1016 452 ut

116 502 282 572 pugnatum
297 501 349 552 est
446 522 448 529 ν

162 613 207 652 22.
232 589 385 650 Exercitus
411 586 483 649 inde
509 587 632 648 domum
660 589 813 649 abductus.
874 588 1016 667 Princeps

4 722 8 727 ·
119 692 266 751 Horatius
289 687 362 759 ibat,
383 685 537 765 trigemina
559 685 654 763 spolia
669 707 730 764 prae
751 706 784 747 se
803 706 917 765 gerens.
959 687 1018 750 Cui

119 807 204 850 soror
214 786 306 864 virgo,
319 805 385 862 quae
397 785 548 861 desponsa
555 782 608 843 uni
617 804 655 843 ex
666 779 802 846 Curiatiis
816 788 917 860 fuerat,
930 785 1019 847 obvia

118 897 189 947 ante
203 895 319 962 portam
334 885 489 961 Capenam
498 881 568 942 fuit:
586 880 767 960 cognitoque
780 901 867 960 super
880 885 1018 945 humeros

9 976 13 981 ⁴
117 982 214 1044 fratris
228 982 442 1060 paludamento
452 979 563 1058 sponsi,
576 981 658 1057 quod
668 979 734 1057 ipsa
747 983 921 1056 confecerat,
932 981 1020 1043 solvit

121 1081 227 1155 crines,
239 1089 268 1140 et
282 1079 418 1140 flebiliter
430 1077 552 1139 nomine
562 1097 705 1156 sponsum
718 1090 866 1139 mortuum
881 1081 1019 1159 appellat.
1066 1105 1069 1113 ·

123 1180 231 1240 Movet
253 1175 346 1238 feroci
367 1177 470 1253 juveni
491 1174 622 1237 animum
644 1176 837 1261 comploratio
860 1177 966 1238 sororis
990 1177 1021 1237 in

121 1274 247 1338 victoria
267 1295 321 1335 sua
341 1285 484 1351 tantoque
498 1273 609 1352 gaudio
622 1273 752 1352 publico.
794 1273 900 1335 Stricto
921 1273 1022 1352 itaque

121 1373 231 1453 gladio,
264 1372 350 1433 simul
379 1373 476 1433 verbis
510 1371 675 1449 increpans,
706 1371 850 1450 transfigit
883 1373 1021 1451 puellam.

126 1473 204 1533 ‘Abi
217 1471 289 1531 hinc
302 1490 372 1530 cum
384 1469 542 1531 immaturo
562 1490 663 1532 amore
684 1471 724 1532 ad
745 1473 906 1548 sponsum,’
919 1470 1024 1549 inquit,

126 1569 237 1631 ‘oblita
263 1570 384 1630 fratrum
416 1579 599 1629 mortuorum
632 1567 761 1649 vivique,
790 1568 883 1630 oblita
913 1570 1023 1648 patn'ae.

125 1668 174 1730 Sic
191 1677 248 1742 eat,
264 1686 450 1746 quaecuuque
464 1670 603 1728 Romana
622 1666 735 1753 lugebit
755 1668 892 1728 hostem!
931 1670 1027 1729 Atrox

124 1767 222 1827 visum
232 1765 264 1825 id
274 1764 386 1825 lacinus
397 1765 533 1827 Patribus
543 1762 683 1842 plebique
689 1786 699 1838 ;
712 1766 766 1826 sed
775 1784 879 1828 recens
890 1765 1026 1827 meritum

127 1864 207 1925 lacto
221 1863 378 1923 obstabat:
396 1872 497 1922 tamen
514 1871 615 1939 raptus
629 1861 721 1940 injus
741 1864 780 1923 ad
798 1881 906 1941 regem.
949 1865 1026 1938 Rex,

128 1980 166 2023 ne
181 1946 246 2038 ipse
259 1972 320 2021 tam
333 1958 423 2020 tristis
437 1958 602 2039 ingratique
615 1961 655 2020 ad
668 1961 771 2038 vulgus
786 1961 898 2038 judicii,
913 1973 965 2021 aut
984 1981 1029 2022 se-

130 2059 260 2121 cuudum
271 2055 417 2136 judicium
427 2054 565 2133 supplicii
574 2046 677 2118 auctor
687 2067 772 2141 esset,
782 2057 911 2118 concilio
924 2058 1028 2139 populi

119 2158 284 2230 advocato,
297 2152 624 2231 ‘Duumviros,'inquit‚
637 2152 705 2231 ‘qui
714 2154 842 2216 Horatio
852 2156 1029 2234 perduellio

131 2272 199 2316 nem
208 2253 350 2332 judicent,
360 2252 524 2313 secundum
532 2251 629 2330 legem
636 2250 733 2315 facio!
747 2255 811 2313 Lex
820 2254 960 2316 horrendi
968 2274 1028 2317 car·

130 2351 218 2415 minis
232 2360 302 2412 erat.
346 2338 519 2410 ‘Duumviri
533 2348 767 2436 perduellionem
778 2349 920 2429 judicent.
962 2351 1034 2417 Sia.

129 2447 291 2512 duumviris
303 2446 479 2525 provocarit,
489 2446 701 2525 provocatione
714 2459 842 2511 certato:
860 2449 885 2511 si
897 2449 1029 2527 vincent,

130 2558 221 2626 caput
231 2545 392 2609 obnubito:
404 2542 515 2606 infelici
525 2544 622 2607 arbori
635 2546 915 2625 reste-suspendito:
927 2550 1029 2609 verbe-

130 2657 195 2707 rato
209 2646 257 2706 vel
278 2642 355 2704 intra
367 2641 545 2721 pomoen'um
557 2645 606 2704 vel
620 2654 702 2731 entra
720 2644 919 2722 pomoerium?
954 2647 1030 2731 ¹Hac

130 2744 198 2822 lege
212 2741 359 2804 duumviri
372 2739 477 2803 creati:
495 2751 558 2801 tum
571 2741 645 2803 alter
658 2761 695 2803 ex
708 2741 762 2817 his,
776 2744 826 2802 ‘P.
844 2741 960 2818 Horati,
976 2743 1030 2804 tibi

131 2839 365 2921 perduellionem
373 2837 496 2918 judico,’
505 2837 608 2917 inquit
636 2842 674 2915 Ἰ,
686 2838 779 2915 lictor,
791 2839 899 2919 colliga
908 2843 1031 2903 manus!

133 2943 308 3001 Accesserat
320 2937 414 3012 lictor,
429 2936 643 3015 injiciebatque
656 2938 804 3021 laqueum
840 2940 920 2999 Turn
935 2941 1036 3000 Hora-⁴
1083 3002 1088 3009 „

133 3037 200 3112 tius,
212 3046 332 3098 auctore
340 3035 438 3109 Tullo,
450 3035 598 3096 clemente
605 3031 679 3119 legis
689 3032 855 3114 interprete,
868 3034 1037 3110 ‘Provocoss'

133 3134 240 3214 inquit
269 3136 317 3194 Ita
330 3133 369 3194 de
381 3130 594 3212 provocatione
607 3141 751 3216 certatum
765 3133 805 3194 ad
818 3135 963 3212 populum
973 3145 1035 3197 est

135 3232 216 3296 Moti
228 3229 366 3293 homines
386 3240 455 3292 suut
475 3228 507 3291 in
524 3249 562 3291 eo
574 3227 696 3308 judicio,
711 3229 840 3317 manime
853 3235 886 3293 P.
903 3229 1037 3294 Horatio

135 3342 218 3413 patre
238 3331 449 3409 proclamante,
464 3348 497 3389 se
516 3326 608 3415 filiam
618 3328 686 3405 jure
698 3318 807 3390 caesarn
826 3328 981 3407 judicaret
1000 3326 1033 3391 ui

137 3428 178 3497 ita
198 3438 286 3506 esset,
300 3425 398 3509 patrio
414 3428 481 3510 jure
493 3423 525 3488 in
537 3423 631 3488 filium
648 3425 921 3489 animadversurum
934 3422 1032 3489 fuisse.
