2390 3838
174 239 211 277 20
380 235 444 276 THE
465 234 562 277 SEVEN
584 232 678 276 KINGS
699 231 739 274 OF
760 231 857 274 ROME.

174 395 238 435 aras
252 384 384 434 acturum
400 392 464 433 esse
474 390 596 450 regnum
610 370 671 431 rati
715 370 852 432 Medium
866 368 972 431 eratin
982 371 1070 430 Anco

174 471 335 548 ingenium,
358 481 388 530 et
405 472 513 529 Numae
536 479 566 528 et
586 470 707 528 Romuli
726 488 847 529 memor.
892 468 1001 543 Quare,
1022 467 1074 526 de-

175 570 315 628 mandata
343 587 413 627 cura
435 587 582 627 sacrorum
612 566 778 627 flaminibus
809 565 1074 641 sacerdotibusque

175 666 247 738 aliis,
271 667 400 726 exercitu
422 686 502 726 novo
523 665 692 742 conscripto
715 666 863 742 profectus
888 662 1074 736 Politorium,

176 765 279 823 urbem
294 762 475 837 Latinorum,
491 763 519 823 vi
534 763 631 841 cepit3
652 775 828 840 secutusque
842 781 956 821 morem
969 780 1075 838 regum

177 860 314 939 priorum,
331 861 382 938 qui
396 882 458 921 rem
473 864 642 921 Romanam
657 874 798 922 auxerant
811 860 946 920 hostibus
960 859 990 918 in
1006 857 1076 918 civi-

177 970 268 1018 tatem
285 959 474 1036 accipiendis,
490 959 708 1020 multitudinem
730 978 850 1019 omnem
872 960 1002 1018 Romam
1021 967 1080 1017 tra-

119 1097 121 1101 ·
178 1055 269 1115 duxit
314 1060 352 1117 Et
373 1078 464 1134 quum
483 1059 561 1117 circa
576 1056 730 1130 Palatium,
745 1057 847 1116 sedem
861 1066 993 1116 veterum
1014 1056 1078 1114 Ro-

179 1173 342 1229 manorum,
367 1155 467 1217 Sabini
492 1155 672 1232 Capitolium
699 1161 789 1231 atque
816 1174 922 1226 arcem,
947 1155 1079 1216 Caelium

181 1264 315 1313 montem
333 1245 655 1330 Albaniimplessen't3
673 1251 854 1312 Aventinum
875 1273 962 1315 novae
983 1254 1080 1314 multi-

179 1349 276 1408 tudini
305 1350 417 1410 datum.
472 1349 640 1425 Janiculum
671 1369 791 1425 quoqne
818 1351 969 1427 adjectum
980 1375 988 1427 ;
1015 1371 1078 1412 non

181 1446 283 1523 inopia
301 1447 369 1519 loci,
386 1447 439 1506 sed
459 1466 497 1506 ne
517 1447 638 1523 quando
653 1466 689 1506 ea
702 1467 754 1506 arx
767 1447 895 1506 hostium
912 1462 998 1510 esset.
1042 1451 1081 1509 Id

181 1564 242 1603 non
257 1564 341 1604 muro
356 1546 460 1618 solum,
471 1545 524 1604 sed
539 1544 635 1618 etiam,
649 1546 688 1604 ob
703 1545 945 1606 commoditatem
961 1547 1081 1621 itineris,

181 1652 273 1717 ponte
292 1643 425 1715 sublicio,
441 1652 504 1701 tum
524 1641 651 1718 primum
665 1644 695 1700 in
717 1641 818 1702 Tiberi
837 1645 925 1718 facto,
942 1645 1082 1723 conjungi

182 1738 249 1797 urbi
271 1738 388 1815 placuit
435 1742 502 1799 Nec
522 1742 592 1799 urbs
609 1751 723 1799 tantum
744 1740 803 1800 hoc
823 1760 892 1818 rege
913 1742 1012 1817 crevit,
1028 1745 1082 1804 sed

183 1835 271 1895 etiam
282 1857 352 1914 ager
361 1839 502 1914 finesque.
541 1837 620 1898 Silva
629 1837 736 1897 Maesia
744 1836 918 1899 Veientibus
932 1841 1082 1918 adempta,

184 1953 278 2010 usque
297 1936 336 1995 ad
356 1955 435 1995 mare
452 1935 608 2013 imperium
627 1937 783 2013 prolatum,
800 1948 830 1996 et
847 1936 876 1995 in
898 1957 948 2023 ore
966 1939 1084 2000 Tiberis

188 2031 273 2092 Ostia
286 2035 356 2094 urbs
370 2033 502 2094 condita.

231 2148 276 2205 27.
299 2134 386 2192 Anco
405 2142 554 2209 regnante,
571 2134 715 2204 Lucumo,
730 2133 776 2191 vir
788 2131 912 2209 impiger
925 2153 960 2193 ac
975 2132 1085 2194 divitiis

186 2241 303 2309 potens,
318 2232 461 2289 vRomam
490 2228 700 2306 commigravit.
759 2231 912 2289 Demarati
940 2231 1086 2292 Corinthii

188 2328 263 2388 lilius
287 2338 348 2387 erat
360 2350 368 2401 3
391 2326 451 2402 qui,
473 2329 514 2386 ob
537 2325 698 2386 seditiones
719 2326 810 2386 domo
830 2329 977 2403 profugus,
994 2347 1086 2403 quum

187 2422 356 2501 Tarquiniis
370 2425 445 2483 forte
459 2423 649 2495 consedisset,
661 2442 752 2482 uxore
765 2422 806 2482 ibi
815 2423 996 2496 ducta‚duos
1010 2425 1088 2487 filios

189 2521 298 2602 genuit
340 2519 471 2579 Nomina
494 2520 539 2578 his
565 2521 699 2579 Lucumo
723 2530 812 2596 atque
836 2523 933 2579 Aruns
960 2522 1088 2584 fuerunt.

192 2625 289 2680 Aruns
307 2617 394 2696 prior,
410 2638 498 2695 quam
513 2629 605 2694 pater,
620 2617 749 2677 moritur.
793 2619 927 2678 Lucumo
947 2620 1089 2695 superfuit
1183 2656 1184 2669 2

192 2716 276 2795 patri,
301 2719 448 2778 bonorum
473 2713 605 2774 omnium
634 2715 735 2776 haeres.
778 2714 835 2776 Cui
860 2734 951 2790 quum
979 2715 1089 2777 divitiae

189 2818 252 2892 jam
280 2814 395 2874 animos
423 2816 562 2886 facerent,
584 2811 666 2871 auxit
693 2814 783 2872 ducta
809 2811 841 2871 in
868 2813 1088 2875 matrimonium

193 2911 348 2988 Tanaquil,
374 2929 490 2971 summo
512 2912 579 2969 loco
602 2920 681 2983 nata,
707 2920 736 2969 et
755 2929 822 2986 quae
839 2910 919 2970 haud
940 2911 1025 2972 facile
1044 2911 1088 2987 i'is,

192 3010 224 3068 in
249 3008 356 3086 quibus
378 3020 447 3067 nata
473 3018 542 3079 erat,
566 3007 723 3068 humiliora
748 3006 856 3068 sineret
883 3028 928 3083 ea,
953 3029 1020 3086 qnae
1047 3009 1090 3069 in-

193 3105 349 3182 nupsisset.
391 3104 604 3182 Spementibus
620 3103 749 3165 Etruscis
765 3090 977 3181 Lucumonem,
990 3108 1090 3168 exsule

194 3204 311 3263 advena
331 3213 437 3275 ortum,
455 3204 528 3263 serre
547 3202 753 3280 indignitatem
773 3223 834 3264 uon
854 3204 970 3280 potuit:
990 3204 1092 3265 oblita-

194 3321 253 3378 que
271 3300 411 3379 ingenitae
432 3320 499 3379 erga
517 3300 642 3378 patriam
660 3300 795 3376 caritatis,
812 3302 976 3362 dummodo
996 3301 1090 3361 virum

195 3400 373 3460 honoratum
390 3397 511 3474 videret,
533 3397 689 3459 consilium
704 3398 848 3478 migrandi
866 3401 905 3460 ab
925 3398 1090 3476 Tarquiniis
