<?xml version="1.0" encoding="UTF-8"?>
<!DOCTYPE html PUBLIC "-//W3C//DTD XHTML 1.0 Transitional//EN"
    "http://www.w3.org/TR/xhtml1/DTD/xhtml1-transitional.dtd">
<html xmlns="http://www.w3.org/1999/xhtml" xml:lang="en" lang="en">
 <head>
  <title>
</title>
<meta http-equiv="Content-Type" content="text/html;charset=utf-8" />
  <meta name='ocr-system' content='tesseract 3.04.00' />
  <meta name='ocr-capabilities' content='ocr_page ocr_carea ocr_par ocr_line ocrx_word'/>
</head>
<body>
  <div class='ocr_page' id='page_1' title='image "./sevenkingsrome00wriggoog_0017.png"; bbox 0 0 2390 3838; ppageno 0'>
   <div class='ocr_carea' id='block_1_1' title="bbox 172 253 855 310">
    <p class='ocr_par' dir='ltr' id='par_1_1' title="bbox 172 253 855 310">
     <span class='ocr_line' id='line_1_1' title="bbox 172 253 855 310; baseline -0.001 -1"><span class='ocrx_word' id='word_1_1' title='bbox 172 253 190 309; x_wconf 89' lang='lat'><em>8</em></span> <span class='ocrx_word' id='word_1_2' title='bbox 377 268 442 309; x_wconf 82' lang='lat' dir='ltr'>rur</span> <span class='ocrx_word' id='word_1_3' title='bbox 462 266 562 310; x_wconf 78' lang='lat' dir='ltr'>snvrru</span> <span class='ocrx_word' id='word_1_4' title='bbox 583 265 679 309; x_wconf 75' lang='lat' dir='ltr'>nurus</span> <span class='ocrx_word' id='word_1_5' title='bbox 700 266 739 309; x_wconf 82' lang='lat' dir='ltr'>or</span> <span class='ocrx_word' id='word_1_6' title='bbox 760 265 855 309; x_wconf 77' lang='lat' dir='ltr'>nour.</span> 
     </span>
    </p>
   </div>
   <div class='ocr_carea' id='block_1_2' title="bbox 170 404 1070 776">
    <p class='ocr_par' dir='ltr' id='par_1_2' title="bbox 170 404 1070 776">
     <span class='ocr_line' id='line_1_2' title="bbox 173 404 1070 482; baseline -0.002 -14"><span class='ocrx_word' id='word_1_7' title='bbox 173 405 309 468; x_wconf 85' lang='lat' dir='ltr'>dirimere</span> <span class='ocrx_word' id='word_1_8' title='bbox 322 406 442 467; x_wconf 84' lang='lat' dir='ltr'>infestas</span> <span class='ocrx_word' id='word_1_9' title='bbox 455 405 543 480; x_wconf 88' lang='lat' dir='ltr'>acies,</span> <span class='ocrx_word' id='word_1_10' title='bbox 554 405 691 467; x_wconf 82' lang='lat' dir='ltr'>dirimere</span> <span class='ocrx_word' id='word_1_11' title='bbox 700 405 776 481; x_wconf 86' lang='lat' dir='ltr'>iras;</span> <span class='ocrx_word' id='word_1_12' title='bbox 796 404 867 464; x_wconf 92' lang='lat' dir='ltr'>hinc</span> <span class='ocrx_word' id='word_1_13' title='bbox 880 415 986 482; x_wconf 87' lang='lat' dir='ltr'>patres,</span> <span class='ocrx_word' id='word_1_14' title='bbox 998 405 1070 466; x_wconf 88' lang='lat' dir='ltr'>hinc</span> 
     </span>
     <span class='ocr_line' id='line_1_3' title="bbox 172 503 1069 582; baseline 0 -18"><span class='ocrx_word' id='word_1_15' title='bbox 172 504 250 564; x_wconf 82' lang='lat' dir='ltr'>viros</span> <span class='ocrx_word' id='word_1_16' title='bbox 260 516 386 577; x_wconf 90' lang='lat' dir='ltr'>orantes,</span> <span class='ocrx_word' id='word_1_17' title='bbox 401 524 440 564; x_wconf 90' lang='lat' dir='ltr'>ne</span> <span class='ocrx_word' id='word_1_18' title='bbox 452 524 484 565; x_wconf 88' lang='lat' dir='ltr'>se</span> <span class='ocrx_word' id='word_1_19' title='bbox 495 503 637 582; x_wconf 88' lang='lat' dir='ltr'>sanguine</span> <span class='ocrx_word' id='word_1_20' title='bbox 651 503 780 563; x_wconf 78' lang='lat' dir='ltr'>nefando</span> <span class='ocrx_word' id='word_1_21' title='bbox 795 503 890 563; x_wconf 91' lang='lat' dir='ltr'>soceri</span> <span class='ocrx_word' id='word_1_22' title='bbox 908 503 1069 581; x_wconf 87' lang='lat' dir='ltr'>generique</span> 
     </span>
     <span class='ocr_line' id='line_1_4' title="bbox 170 599 1066 679; baseline 0 -18"><span class='ocrx_word' id='word_1_23' title='bbox 170 614 379 679; x_wconf 88' lang='lat' dir='ltr'>respergerent.</span> <span class='ocrx_word' id='word_1_24' title='bbox 409 603 515 662; x_wconf 90' lang='lat' dir='ltr'>Movet</span> <span class='ocrx_word' id='word_1_25' title='bbox 522 621 569 661; x_wconf 92' lang='lat' dir='ltr'>res</span> <span class='ocrx_word' id='word_1_26' title='bbox 580 611 643 661; x_wconf 85' lang='lat' dir='ltr'>tum</span> <span class='ocrx_word' id='word_1_27' title='bbox 652 599 879 673; x_wconf 87' lang='lat' dir='ltr'>multitudinem,</span> <span class='ocrx_word' id='word_1_28' title='bbox 889 611 952 659; x_wconf 89' lang='lat' dir='ltr'>tum</span> <span class='ocrx_word' id='word_1_29' title='bbox 964 602 1066 662; x_wconf 92' lang='lat' dir='ltr'>duces.</span> 
     </span>
     <span class='ocr_line' id='line_1_5' title="bbox 170 697 1068 776; baseline 0 -17"><span class='ocrx_word' id='word_1_30' title='bbox 170 699 326 759; x_wconf 87' lang='lat' dir='ltr'>Silentium</span> <span class='ocrx_word' id='word_1_31' title='bbox 340 711 369 759; x_wconf 94' lang='lat' dir='ltr'>et</span> <span class='ocrx_word' id='word_1_32' title='bbox 386 698 539 776; x_wconf 85' lang='lat' dir='ltr'>repentina</span> <span class='ocrx_word' id='word_1_33' title='bbox 552 700 586 759; x_wconf 86' lang='lat' dir='ltr'>fit</span> <span class='ocrx_word' id='word_1_34' title='bbox 605 697 695 776; x_wconf 77' lang='lat' dir='ltr'>quies.</span> <span class='ocrx_word' id='word_1_35' title='bbox 739 699 817 758; x_wconf 91' lang='lat' dir='ltr'>Inde</span> <span class='ocrx_word' id='word_1_36' title='bbox 835 698 875 757; x_wconf 93' lang='lat' dir='ltr'>ad</span> <span class='ocrx_word' id='word_1_37' title='bbox 888 699 986 758; x_wconf 87' lang='lat' dir='ltr'>foedus</span> <span class='ocrx_word' id='word_1_38' title='bbox 999 699 1068 759; x_wconf 91' lang='lat' dir='ltr'>faci·</span> 
     </span>
    </p>
   </div>
   <div class='ocr_carea' id='block_1_3' title="bbox 99 796 1068 3519">
    <p class='ocr_par' dir='ltr' id='par_1_3' title="bbox 168 796 1068 1069">
     <span class='ocr_line' id='line_1_6' title="bbox 170 796 1068 874; baseline 0 -18"><span class='ocrx_word' id='word_1_39' title='bbox 170 798 280 856; x_wconf 90' lang='lat' dir='ltr'>endum</span> <span class='ocrx_word' id='word_1_40' title='bbox 294 798 385 857; x_wconf 92' lang='lat' dir='ltr'>duces</span> <span class='ocrx_word' id='word_1_41' title='bbox 399 797 564 874; x_wconf 90' lang='lat' dir='ltr'>prodeunt:</span> <span class='ocrx_word' id='word_1_42' title='bbox 585 817 642 857; x_wconf 91' lang='lat' dir='ltr'>nec</span> <span class='ocrx_word' id='word_1_43' title='bbox 656 815 762 874; x_wconf 83' lang='lat' dir='ltr'>pacem</span> <span class='ocrx_word' id='word_1_44' title='bbox 774 797 874 870; x_wconf 89' lang='lat' dir='ltr'>modo,</span> <span class='ocrx_word' id='word_1_45' title='bbox 887 797 940 856; x_wconf 90' lang='lat' dir='ltr'>sed</span> <span class='ocrx_word' id='word_1_46' title='bbox 955 807 985 856; x_wconf 92' lang='lat' dir='ltr'>et</span> <span class='ocrx_word' id='word_1_47' title='bbox 999 796 1068 856; x_wconf 92' lang='lat' dir='ltr'>civi·</span> 
     </span>
     <span class='ocr_line' id='line_1_7' title="bbox 169 893 1067 971; baseline 0 -17"><span class='ocrx_word' id='word_1_48' title='bbox 169 905 261 954; x_wconf 82' lang='lat' dir='ltr'>tatem</span> <span class='ocrx_word' id='word_1_49' title='bbox 281 914 371 954; x_wconf 88' lang='lat' dir='ltr'>unam</span> <span class='ocrx_word' id='word_1_50' title='bbox 392 915 429 955; x_wconf 86' lang='lat' dir='ltr'>ex</span> <span class='ocrx_word' id='word_1_51' title='bbox 449 895 565 955; x_wconf 91' lang='lat' dir='ltr'>duabus</span> <span class='ocrx_word' id='word_1_52' title='bbox 583 894 710 954; x_wconf 86' lang='lat' dir='ltr'>faciunt:</span> <span class='ocrx_word' id='word_1_53' title='bbox 732 913 855 971; x_wconf 89' lang='lat' dir='ltr'>regnum</span> <span class='ocrx_word' id='word_1_54' title='bbox 877 893 1067 954; x_wconf 88' lang='lat' dir='ltr'>consociant:</span> 
     </span>
     <span class='ocr_line' id='line_1_8' title="bbox 168 991 751 1069; baseline 0.002 -19"><span class='ocrx_word' id='word_1_55' title='bbox 168 991 324 1069; x_wconf 90' lang='lat' dir='ltr'>imperium</span> <span class='ocrx_word' id='word_1_56' title='bbox 338 1012 428 1053; x_wconf 91' lang='lat' dir='ltr'>omne</span> <span class='ocrx_word' id='word_1_57' title='bbox 442 994 598 1053; x_wconf 87' lang='lat' dir='ltr'>conferunt</span> <span class='ocrx_word' id='word_1_58' title='bbox 613 994 751 1052; x_wconf 87' lang='lat' dir='ltr'>Romam.</span> 
     </span>
    </p>

    <p class='ocr_par' dir='ltr' id='par_1_4' title="bbox 99 1088 1068 3217">
     <span class='ocr_line' id='line_1_9' title="bbox 213 1088 1068 1166; baseline 0.002 -18"><span class='ocrx_word' id='word_1_59' title='bbox 213 1110 257 1151; x_wconf 86' lang='lat'>12.</span> <span class='ocrx_word' id='word_1_60' title='bbox 281 1091 327 1149; x_wconf 85' lang='lat' dir='ltr'>Ex</span> <span class='ocrx_word' id='word_1_61' title='bbox 350 1091 432 1151; x_wconf 93' lang='lat' dir='ltr'>bello</span> <span class='ocrx_word' id='word_1_62' title='bbox 454 1100 515 1149; x_wconf 90' lang='lat' dir='ltr'>tam</span> <span class='ocrx_word' id='word_1_63' title='bbox 535 1089 611 1150; x_wconf 84' lang='lat' dir='ltr'>tn&#39;sti</span> <span class='ocrx_word' id='word_1_64' title='bbox 631 1091 700 1149; x_wconf 88' lang='lat' dir='ltr'>laeta</span> <span class='ocrx_word' id='word_1_65' title='bbox 719 1099 841 1166; x_wconf 90' lang='lat' dir='ltr'>repente</span> <span class='ocrx_word' id='word_1_66' title='bbox 861 1108 921 1166; x_wconf 85' lang='lat' dir='ltr'>pax</span> <span class='ocrx_word' id='word_1_67' title='bbox 941 1088 1068 1150; x_wconf 87' lang='lat' dir='ltr'>cariores</span> 
     </span>
     <span class='ocr_line' id='line_1_10' title="bbox 168 1178 1065 1264; baseline -0.001 -17"><span class='ocrx_word' id='word_1_68' title='bbox 168 1178 292 1248; x_wconf 83' lang='lat' dir='ltr'>Sabinas</span> <span class='ocrx_word' id='word_1_69' title='bbox 302 1187 370 1248; x_wconf 89' lang='lat' dir='ltr'>viris</span> <span class='ocrx_word' id='word_1_70' title='bbox 380 1208 416 1247; x_wconf 88' lang='lat' dir='ltr'>ac</span> <span class='ocrx_word' id='word_1_71' title='bbox 427 1186 607 1264; x_wconf 61' lang='lat' dir='ltr'>parentibus</span> <span class='ocrx_word' id='word_1_72' title='bbox 619 1198 649 1248; x_wconf 92' lang='lat' dir='ltr'>et</span> <span class='ocrx_word' id='word_1_73' title='bbox 662 1198 731 1247; x_wconf 89' lang='lat' dir='ltr'>aute</span> <span class='ocrx_word' id='word_1_74' title='bbox 742 1207 846 1248; x_wconf 91' lang='lat' dir='ltr'>omnes</span> <span class='ocrx_word' id='word_1_75' title='bbox 858 1188 988 1247; x_wconf 92' lang='lat' dir='ltr'>Romulo</span> <span class='ocrx_word' id='word_1_76' title='bbox 1001 1187 1065 1264; x_wconf 85' lang='lat' dir='ltr'>ipsi,</span> 
     </span>
     <span class='ocr_line' id='line_1_11' title="bbox 167 1284 1067 1362; baseline 0.001 -18"><span class='ocrx_word' id='word_1_77' title='bbox 167 1286 245 1345; x_wconf 83' lang='lat' dir='ltr'>fecit</span> <span class='ocrx_word' id='word_1_78' title='bbox 288 1288 402 1362; x_wconf 90' lang='lat' dir='ltr'>Itaque,</span> <span class='ocrx_word' id='word_1_79' title='bbox 418 1305 510 1362; x_wconf 91' lang='lat' dir='ltr'>quum</span> <span class='ocrx_word' id='word_1_80' title='bbox 529 1286 674 1362; x_wconf 91' lang='lat' dir='ltr'>populum</span> <span class='ocrx_word' id='word_1_81' title='bbox 696 1284 839 1344; x_wconf 91' lang='lat' dir='ltr'>incurias</span> <span class='ocrx_word' id='word_1_82' title='bbox 858 1284 976 1362; x_wconf 86' lang='lat' dir='ltr'>triginta</span> <span class='ocrx_word' id='word_1_83' title='bbox 995 1285 1067 1345; x_wconf 83' lang='lat' dir='ltr'>divi-</span> 
     </span>
     <span class='ocr_line' id='line_1_12' title="bbox 168 1381 1066 1459; baseline -0.001 -16"><span class='ocrx_word' id='word_1_84' title='bbox 168 1383 260 1456; x_wconf 88' lang='lat' dir='ltr'>deret,</span> <span class='ocrx_word' id='word_1_85' title='bbox 269 1383 391 1443; x_wconf 90' lang='lat' dir='ltr'>nomina</span> <span class='ocrx_word' id='word_1_86' title='bbox 401 1403 502 1443; x_wconf 89' lang='lat' dir='ltr'>earum</span> <span class='ocrx_word' id='word_1_87' title='bbox 513 1381 600 1442; x_wconf 92' lang='lat' dir='ltr'>curiis</span> <span class='ocrx_word' id='word_1_88' title='bbox 610 1381 761 1458; x_wconf 90' lang='lat' dir='ltr'>imposuit.</span> <span class='ocrx_word' id='word_1_89' title='bbox 804 1382 921 1442; x_wconf 91' lang='lat' dir='ltr'>Eodem</span> <span class='ocrx_word' id='word_1_90' title='bbox 933 1394 1066 1459; x_wconf 88' lang='lat' dir='ltr'>tempore</span> 
     </span>
     <span class='ocr_line' id='line_1_13' title="bbox 166 1478 1066 1557; baseline -0.002 -16"><span class='ocrx_word' id='word_1_91' title='bbox 166 1492 197 1542; x_wconf 87' lang='lat' dir='ltr'>et</span> <span class='ocrx_word' id='word_1_92' title='bbox 210 1480 349 1541; x_wconf 89' lang='lat' dir='ltr'>centuriae</span> <span class='ocrx_word' id='word_1_93' title='bbox 362 1491 421 1540; x_wconf 92' lang='lat' dir='ltr'>tres</span> <span class='ocrx_word' id='word_1_94' title='bbox 435 1480 568 1557; x_wconf 89' lang='lat' dir='ltr'>equitum</span> <span class='ocrx_word' id='word_1_95' title='bbox 583 1478 756 1556; x_wconf 86' lang='lat' dir='ltr'>conscriptae</span> <span class='ocrx_word' id='word_1_96' title='bbox 771 1489 859 1552; x_wconf 77' lang='lat' dir='ltr'>sunt3</span> <span class='ocrx_word' id='word_1_97' title='bbox 879 1481 1066 1541; x_wconf 82' lang='lat' dir='ltr'>Ramnenses</span> 
     </span>
     <span class='ocr_line' id='line_1_14' title="bbox 166 1575 1066 1653; baseline 0 -16"><span class='ocrx_word' id='word_1_98' title='bbox 166 1579 205 1638; x_wconf 92' lang='lat' dir='ltr'>ab</span> <span class='ocrx_word' id='word_1_99' title='bbox 214 1580 356 1653; x_wconf 92' lang='lat' dir='ltr'>Romulo,</span> <span class='ocrx_word' id='word_1_100' title='bbox 364 1580 403 1638; x_wconf 90' lang='lat' dir='ltr'>ab</span> <span class='ocrx_word' id='word_1_101' title='bbox 412 1579 484 1638; x_wconf 93' lang='lat' dir='ltr'>Tito</span> <span class='ocrx_word' id='word_1_102' title='bbox 492 1577 581 1637; x_wconf 87' lang='lat' dir='ltr'>Tatio</span> <span class='ocrx_word' id='word_1_103' title='bbox 589 1575 738 1637; x_wconf 90' lang='lat' dir='ltr'>Titienses</span> <span class='ocrx_word' id='word_1_104' title='bbox 746 1577 896 1653; x_wconf 92' lang='lat' dir='ltr'>appellati.</span> <span class='ocrx_word' id='word_1_105' title='bbox 919 1580 1066 1638; x_wconf 89' lang='lat' dir='ltr'>Lucerum</span> 
     </span>
     <span class='ocr_line' id='line_1_15' title="bbox 166 1673 1067 1752; baseline 0.002 -18"><span class='ocrx_word' id='word_1_106' title='bbox 166 1675 294 1740; x_wconf 89' lang='lat' dir='ltr'>nominis</span> <span class='ocrx_word' id='word_1_107' title='bbox 309 1686 339 1736; x_wconf 92' lang='lat' dir='ltr'>et</span> <span class='ocrx_word' id='word_1_108' title='bbox 353 1673 473 1752; x_wconf 91' lang='lat' dir='ltr'>originis</span> <span class='ocrx_word' id='word_1_109' title='bbox 487 1693 577 1734; x_wconf 91' lang='lat' dir='ltr'>causa</span> <span class='ocrx_word' id='word_1_110' title='bbox 587 1676 701 1733; x_wconf 87' lang='lat' dir='ltr'>incerta</span> <span class='ocrx_word' id='word_1_111' title='bbox 711 1685 762 1734; x_wconf 84' lang='lat' dir='ltr'>est.</span> <span class='ocrx_word' id='word_1_112' title='bbox 807 1675 884 1734; x_wconf 92' lang='lat' dir='ltr'>Inde</span> <span class='ocrx_word' id='word_1_113' title='bbox 898 1694 959 1735; x_wconf 93' lang='lat' dir='ltr'>non</span> <span class='ocrx_word' id='word_1_114' title='bbox 973 1677 1067 1736; x_wconf 91' lang='lat' dir='ltr'>modo</span> 
     </span>
     <span class='ocr_line' id='line_1_16' title="bbox 165 1770 1066 1851; baseline 0.001 -18"><span class='ocrx_word' id='word_1_115' title='bbox 165 1793 333 1847; x_wconf 88' lang='lat' dir='ltr'>commune,</span> <span class='ocrx_word' id='word_1_116' title='bbox 353 1773 408 1833; x_wconf 91' lang='lat' dir='ltr'>sed</span> <span class='ocrx_word' id='word_1_117' title='bbox 427 1791 552 1832; x_wconf 86' lang='lat' dir='ltr'>concors</span> <span class='ocrx_word' id='word_1_118' title='bbox 567 1770 665 1846; x_wconf 90' lang='lat' dir='ltr'>etiam,</span> <span class='ocrx_word' id='word_1_119' title='bbox 680 1791 803 1849; x_wconf 91' lang='lat' dir='ltr'>regnum</span> <span class='ocrx_word' id='word_1_120' title='bbox 817 1774 936 1833; x_wconf 91' lang='lat' dir='ltr'>duobus</span> <span class='ocrx_word' id='word_1_121' title='bbox 948 1773 1066 1851; x_wconf 91' lang='lat' dir='ltr'>regibus</span> 
     </span>
     <span class='ocr_line' id='line_1_17' title="bbox 163 1868 1066 1948; baseline 0 -17"><span class='ocrx_word' id='word_1_122' title='bbox 163 1869 226 1931; x_wconf 80' lang='lat' dir='ltr'>fuit</span> <span class='ocrx_word' id='word_1_123' title='bbox 269 1873 342 1931; x_wconf 92' lang='lat' dir='ltr'>Post</span> <span class='ocrx_word' id='word_1_124' title='bbox 354 1869 468 1946; x_wconf 87' lang='lat' dir='ltr'>aliquot</span> <span class='ocrx_word' id='word_1_125' title='bbox 482 1888 577 1929; x_wconf 87' lang='lat' dir='ltr'>annos</span> <span class='ocrx_word' id='word_1_126' title='bbox 591 1868 749 1947; x_wconf 92' lang='lat' dir='ltr'>propinqui</span> <span class='ocrx_word' id='word_1_127' title='bbox 763 1871 840 1947; x_wconf 87' lang='lat' dir='ltr'>regis</span> <span class='ocrx_word' id='word_1_128' title='bbox 854 1869 934 1929; x_wconf 89' lang='lat' dir='ltr'>Tatii</span> <span class='ocrx_word' id='word_1_129' title='bbox 953 1872 1066 1948; x_wconf 89' lang='lat' dir='ltr'>legatos</span> 
     </span>
     <span class='ocr_line' id='line_1_18' title="bbox 164 1968 1067 2047; baseline -0.002 -18"><span class='ocrx_word' id='word_1_130' title='bbox 164 1968 355 2030; x_wconf 85' lang='lat' dir='ltr'>Laurentium</span> <span class='ocrx_word' id='word_1_131' title='bbox 378 1969 515 2046; x_wconf 88' lang='lat' dir='ltr'>pulsant:</span> <span class='ocrx_word' id='word_1_132' title='bbox 545 1987 697 2047; x_wconf 91' lang='lat' dir='ltr'>quumque</span> <span class='ocrx_word' id='word_1_133' title='bbox 722 1970 885 2028; x_wconf 89' lang='lat' dir='ltr'>Laurentes</span> <span class='ocrx_word' id='word_1_134' title='bbox 910 1970 975 2045; x_wconf 89' lang='lat' dir='ltr'>jure</span> <span class='ocrx_word' id='word_1_135' title='bbox 996 1988 1067 2046; x_wconf 92' lang='lat' dir='ltr'>gen·</span> 
     </span>
     <span class='ocr_line' id='line_1_19' title="bbox 162 2066 1065 2146; baseline -0.001 -18"><span class='ocrx_word' id='word_1_136' title='bbox 162 2066 236 2128; x_wconf 91' lang='lat' dir='ltr'>tium</span> <span class='ocrx_word' id='word_1_137' title='bbox 260 2077 387 2145; x_wconf 87' lang='lat' dir='ltr'>agerent,</span> <span class='ocrx_word' id='word_1_138' title='bbox 407 2067 489 2144; x_wconf 90' lang='lat' dir='ltr'>apud</span> <span class='ocrx_word' id='word_1_139' title='bbox 513 2068 634 2128; x_wconf 89' lang='lat' dir='ltr'>Tatium</span> <span class='ocrx_word' id='word_1_140' title='bbox 655 2067 749 2146; x_wconf 84' lang='lat' dir='ltr'>gratia</span> <span class='ocrx_word' id='word_1_141' title='bbox 770 2088 888 2128; x_wconf 91' lang='lat' dir='ltr'>suorum</span> <span class='ocrx_word' id='word_1_142' title='bbox 910 2078 940 2127; x_wconf 91' lang='lat' dir='ltr'>et</span> <span class='ocrx_word' id='word_1_143' title='bbox 964 2087 1065 2144; x_wconf 89' lang='lat' dir='ltr'>preces</span> 
     </span>
     <span class='ocr_line' id='line_1_20' title="bbox 162 2163 1063 2244; baseline 0.001 -20"><span class='ocrx_word' id='word_1_144' title='bbox 162 2166 229 2242; x_wconf 85' lang='lat' dir='ltr'>plus</span> <span class='ocrx_word' id='word_1_145' title='bbox 250 2176 397 2242; x_wconf 87' lang='lat' dir='ltr'>poterant.</span> <span class='ocrx_word' id='word_1_146' title='bbox 442 2163 537 2244; x_wconf 89' lang='lat' dir='ltr'>Igitur</span> <span class='ocrx_word' id='word_1_147' title='bbox 559 2165 679 2225; x_wconf 84' lang='lat' dir='ltr'>illonrm</span> <span class='ocrx_word' id='word_1_148' title='bbox 703 2185 825 2243; x_wconf 87' lang='lat' dir='ltr'>poenam</span> <span class='ocrx_word' id='word_1_149' title='bbox 848 2166 880 2225; x_wconf 92' lang='lat' dir='ltr'>in</span> <span class='ocrx_word' id='word_1_150' title='bbox 905 2186 937 2226; x_wconf 91' lang='lat' dir='ltr'>se</span> <span class='ocrx_word' id='word_1_151' title='bbox 958 2165 1063 2226; x_wconf 89' lang='lat' dir='ltr'>vertit:</span> 
     </span>
     <span class='ocr_line' id='line_1_21' title="bbox 161 2262 1063 2340; baseline 0 -18"><span class='ocrx_word' id='word_1_152' title='bbox 161 2282 232 2322; x_wconf 88' lang='lat' dir='ltr'>nam</span> <span class='ocrx_word' id='word_1_153' title='bbox 247 2262 372 2335; x_wconf 79' lang='lat' dir='ltr'>Lauinii,</span> <span class='ocrx_word' id='word_1_154' title='bbox 382 2283 474 2340; x_wconf 91' lang='lat' dir='ltr'>quum</span> <span class='ocrx_word' id='word_1_155' title='bbox 488 2264 527 2323; x_wconf 91' lang='lat' dir='ltr'>ad</span> <span class='ocrx_word' id='word_1_156' title='bbox 542 2264 676 2323; x_wconf 89' lang='lat' dir='ltr'>sollenne</span> <span class='ocrx_word' id='word_1_157' title='bbox 690 2262 865 2322; x_wconf 87' lang='lat' dir='ltr'>sacrificium</span> <span class='ocrx_word' id='word_1_158' title='bbox 879 2282 916 2324; x_wconf 94' lang='lat' dir='ltr'>eo</span> <span class='ocrx_word' id='word_1_159' title='bbox 926 2266 1063 2336; x_wconf 87' lang='lat' dir='ltr'>venisset,</span> 
     </span>
     <span class='ocr_line' id='line_1_22' title="bbox 162 2358 1065 2434; baseline 0 -14"><span class='ocrx_word' id='word_1_160' title='bbox 162 2379 307 2421; x_wconf 90' lang='lat' dir='ltr'>concursu</span> <span class='ocrx_word' id='word_1_161' title='bbox 328 2361 418 2434; x_wconf 87' lang='lat' dir='ltr'>facto,</span> <span class='ocrx_word' id='word_1_162' title='bbox 438 2359 620 2421; x_wconf 87' lang='lat' dir='ltr'>interficitur.</span> <span class='ocrx_word' id='word_1_163' title='bbox 664 2362 737 2420; x_wconf 88' lang='lat' dir='ltr'>Post</span> <span class='ocrx_word' id='word_1_164' title='bbox 756 2358 836 2419; x_wconf 87' lang='lat' dir='ltr'>Tatii</span> <span class='ocrx_word' id='word_1_165' title='bbox 857 2371 984 2420; x_wconf 89' lang='lat' dir='ltr'>mortem</span> <span class='ocrx_word' id='word_1_166' title='bbox 1005 2362 1065 2420; x_wconf 80' lang='lat' dir='ltr'>Ro</span> 
     </span>
     <span class='ocr_line' id='line_1_23' title="bbox 161 2456 1064 2534; baseline -0.001 -18"><span class='ocrx_word' id='word_1_167' title='bbox 161 2459 267 2532; x_wconf 87' lang='lat' dir='ltr'>mulus,</span> <span class='ocrx_word' id='word_1_168' title='bbox 282 2458 322 2517; x_wconf 97' lang='lat' dir='ltr'>ad</span> <span class='ocrx_word' id='word_1_169' title='bbox 336 2477 427 2534; x_wconf 90' lang='lat' dir='ltr'>quem</span> <span class='ocrx_word' id='word_1_170' title='bbox 440 2466 614 2534; x_wconf 86' lang='lat' dir='ltr'>potentatus</span> <span class='ocrx_word' id='word_1_171' title='bbox 628 2456 725 2517; x_wconf 90' lang='lat' dir='ltr'>omnis</span> <span class='ocrx_word' id='word_1_172' title='bbox 738 2457 891 2531; x_wconf 82' lang='lat' dir='ltr'>reciderat,</span> <span class='ocrx_word' id='word_1_173' title='bbox 902 2457 983 2517; x_wconf 88' lang='lat' dir='ltr'>bella</span> <span class='ocrx_word' id='word_1_174' title='bbox 996 2476 1064 2515; x_wconf 92' lang='lat' dir='ltr'>cum</span> 
     </span>
     <span class='ocr_line' id='line_1_24' title="bbox 99 2543 1064 2633; baseline 0 -19"><span class='ocrx_word' id='word_1_175' title='bbox 99 2543 102 2546; x_wconf 32' lang='lat'><strong>⁴</strong></span> <span class='ocrx_word' id='word_1_176' title='bbox 161 2554 296 2615; x_wconf 91' lang='lat' dir='ltr'>finitimis</span> <span class='ocrx_word' id='word_1_177' title='bbox 315 2554 486 2615; x_wconf 88' lang='lat' dir='ltr'>felicissime</span> <span class='ocrx_word' id='word_1_178' title='bbox 504 2553 616 2633; x_wconf 80' lang='lat' dir='ltr'>gessit3</span> <span class='ocrx_word' id='word_1_179' title='bbox 636 2556 718 2615; x_wconf 91' lang='lat' dir='ltr'>unde</span> <span class='ocrx_word' id='word_1_180' title='bbox 735 2554 846 2615; x_wconf 86' lang='lat' dir='ltr'>viribus</span> <span class='ocrx_word' id='word_1_181' title='bbox 865 2554 942 2615; x_wconf 91' lang='lat' dir='ltr'>datis</span> <span class='ocrx_word' id='word_1_182' title='bbox 965 2555 1064 2614; x_wconf 89' lang='lat' dir='ltr'>Roma</span> 
     </span>
     <span class='ocr_line' id='line_1_25' title="bbox 161 2651 1063 2730; baseline -0.002 -17"><span class='ocrx_word' id='word_1_183' title='bbox 161 2663 276 2713; x_wconf 86' lang='lat' dir='ltr'>tantum</span> <span class='ocrx_word' id='word_1_184' title='bbox 289 2652 389 2727; x_wconf 83' lang='lat' dir='ltr'>valuit,</span> <span class='ocrx_word' id='word_1_185' title='bbox 404 2664 438 2712; x_wconf 94' lang='lat' dir='ltr'>ut</span> <span class='ocrx_word' id='word_1_186' title='bbox 456 2651 488 2712; x_wconf 92' lang='lat' dir='ltr'>in</span> <span class='ocrx_word' id='word_1_187' title='bbox 508 2652 706 2730; x_wconf 85' lang='lat' dir='ltr'>quadraginta</span> <span class='ocrx_word' id='word_1_188' title='bbox 718 2651 830 2713; x_wconf 90' lang='lat' dir='ltr'>deinde</span> <span class='ocrx_word' id='word_1_189' title='bbox 851 2672 946 2713; x_wconf 89' lang='lat' dir='ltr'>annos</span> <span class='ocrx_word' id='word_1_190' title='bbox 968 2663 1063 2712; x_wconf 89' lang='lat' dir='ltr'>tutam</span> 
     </span>
     <span class='ocr_line' id='line_1_26' title="bbox 160 2749 1062 2827; baseline 0.002 -18"><span class='ocrx_word' id='word_1_191' title='bbox 160 2769 267 2826; x_wconf 91' lang='lat' dir='ltr'>pacem</span> <span class='ocrx_word' id='word_1_192' title='bbox 287 2752 418 2811; x_wconf 78' lang='lat' dir='ltr'>haberet</span> <span class='ocrx_word' id='word_1_193' title='bbox 469 2749 656 2810; x_wconf 89' lang='lat' dir='ltr'>Multitudini</span> <span class='ocrx_word' id='word_1_194' title='bbox 675 2760 776 2811; x_wconf 86' lang='lat' dir='ltr'>tamen</span> <span class='ocrx_word' id='word_1_195' title='bbox 796 2750 906 2827; x_wconf 86' lang='lat' dir='ltr'>gratior</span> <span class='ocrx_word' id='word_1_196' title='bbox 925 2770 979 2810; x_wconf 87' lang='lat' dir='ltr'>rex</span> <span class='ocrx_word' id='word_1_197' title='bbox 999 2750 1062 2824; x_wconf 89' lang='lat' dir='ltr'>fuit,</span> 
     </span>
     <span class='ocr_line' id='line_1_27' title="bbox 161 2847 1063 2926; baseline 0.001 -20"><span class='ocrx_word' id='word_1_198' title='bbox 161 2867 251 2924; x_wconf 87' lang='lat' dir='ltr'>quam</span> <span class='ocrx_word' id='word_1_199' title='bbox 262 2849 415 2909; x_wconf 83' lang='lat' dir='ltr'>Patribus:</span> <span class='ocrx_word' id='word_1_200' title='bbox 437 2849 527 2926; x_wconf 93' lang='lat' dir='ltr'>longe</span> <span class='ocrx_word' id='word_1_201' title='bbox 537 2860 607 2909; x_wconf 89' lang='lat' dir='ltr'>ante</span> <span class='ocrx_word' id='word_1_202' title='bbox 617 2847 693 2908; x_wconf 88' lang='lat' dir='ltr'>alios</span> <span class='ocrx_word' id='word_1_203' title='bbox 703 2847 926 2925; x_wconf 85' lang='lat' dir='ltr'>acceptissimus</span> <span class='ocrx_word' id='word_1_204' title='bbox 936 2847 1063 2908; x_wconf 90' lang='lat' dir='ltr'>militum</span> 
     </span>
     <span class='ocr_line' id='line_1_28' title="bbox 160 2944 1062 3024; baseline 0 -19"><span class='ocrx_word' id='word_1_205' title='bbox 160 2944 287 3021; x_wconf 83' lang='lat' dir='ltr'>animis3</span> <span class='ocrx_word' id='word_1_206' title='bbox 307 2956 516 3023; x_wconf 90' lang='lat' dir='ltr'>trecentosque</span> <span class='ocrx_word' id='word_1_207' title='bbox 533 2957 663 3007; x_wconf 86' lang='lat' dir='ltr'>armatos</span> <span class='ocrx_word' id='word_1_208' title='bbox 676 2946 716 3007; x_wconf 94' lang='lat' dir='ltr'>ad</span> <span class='ocrx_word' id='word_1_209' title='bbox 735 2945 902 3007; x_wconf 91' lang='lat' dir='ltr'>custodiam</span> <span class='ocrx_word' id='word_1_210' title='bbox 921 2945 1062 3024; x_wconf 89' lang='lat' dir='ltr'>corporis,</span> 
     </span>
     <span class='ocr_line' id='line_1_29' title="bbox 161 3043 1062 3122; baseline 0.001 -20"><span class='ocrx_word' id='word_1_211' title='bbox 161 3063 236 3120; x_wconf 91' lang='lat' dir='ltr'>quos</span> <span class='ocrx_word' id='word_1_212' title='bbox 250 3045 371 3104; x_wconf 92' lang='lat' dir='ltr'>Celeres</span> <span class='ocrx_word' id='word_1_213' title='bbox 384 3043 553 3122; x_wconf 84' lang='lat' dir='ltr'>appellavit,</span> <span class='ocrx_word' id='word_1_214' title='bbox 568 3064 630 3105; x_wconf 90' lang='lat' dir='ltr'>non</span> <span class='ocrx_word' id='word_1_215' title='bbox 644 3044 676 3105; x_wconf 91' lang='lat' dir='ltr'>in</span> <span class='ocrx_word' id='word_1_216' title='bbox 689 3046 770 3106; x_wconf 92' lang='lat' dir='ltr'>bello</span> <span class='ocrx_word' id='word_1_217' title='bbox 784 3047 889 3120; x_wconf 89' lang='lat' dir='ltr'>solum,</span> <span class='ocrx_word' id='word_1_218' title='bbox 905 3047 959 3106; x_wconf 94' lang='lat' dir='ltr'>sed</span> <span class='ocrx_word' id='word_1_219' title='bbox 973 3044 1062 3106; x_wconf 90' lang='lat' dir='ltr'>etiam</span> 
     </span>
     <span class='ocr_line' id='line_1_30' title="bbox 158 3140 413 3217; baseline 0.004 -18"><span class='ocrx_word' id='word_1_220' title='bbox 158 3140 190 3199; x_wconf 92' lang='lat' dir='ltr'>in</span> <span class='ocrx_word' id='word_1_221' title='bbox 204 3160 290 3217; x_wconf 84' lang='lat' dir='ltr'>pace,</span> <span class='ocrx_word' id='word_1_222' title='bbox 300 3140 413 3201; x_wconf 89' lang='lat' dir='ltr'>habuit.</span> 
     </span>
    </p>

    <p class='ocr_par' dir='ltr' id='par_1_5' title="bbox 159 3237 1062 3519">
     <span class='ocr_line' id='line_1_31' title="bbox 203 3237 1060 3320; baseline -0.001 -23"><span class='ocrx_word' id='word_1_223' title='bbox 203 3258 246 3315; x_wconf 86' lang='lat'>13.</span> <span class='ocrx_word' id='word_1_224' title='bbox 270 3237 329 3299; x_wconf 91' lang='lat' dir='ltr'>His</span> <span class='ocrx_word' id='word_1_225' title='bbox 339 3238 555 3302; x_wconf 90' lang='lat' dir='ltr'>immortalibus</span> <span class='ocrx_word' id='word_1_226' title='bbox 565 3240 653 3303; x_wconf 88' lang='lat' dir='ltr'>editis</span> <span class='ocrx_word' id='word_1_227' title='bbox 663 3240 815 3320; x_wconf 85' lang='lat' dir='ltr'>operibus,</span> <span class='ocrx_word' id='word_1_228' title='bbox 826 3261 917 3319; x_wconf 89' lang='lat' dir='ltr'>quum</span> <span class='ocrx_word' id='word_1_229' title='bbox 928 3241 968 3302; x_wconf 92' lang='lat' dir='ltr'>ad</span> <span class='ocrx_word' id='word_1_230' title='bbox 982 3258 1060 3300; x_wconf 83' lang='lat' dir='ltr'>exer-</span> 
     </span>
     <span class='ocr_line' id='line_1_32' title="bbox 159 3336 1062 3419; baseline 0.002 -24"><span class='ocrx_word' id='word_1_231' title='bbox 159 3336 253 3398; x_wconf 86' lang='lat' dir='ltr'>citum</span> <span class='ocrx_word' id='word_1_232' title='bbox 277 3340 495 3399; x_wconf 89' lang='lat' dir='ltr'>recensendum</span> <span class='ocrx_word' id='word_1_233' title='bbox 517 3340 695 3402; x_wconf 88' lang='lat' dir='ltr'>concionem</span> <span class='ocrx_word' id='word_1_234' title='bbox 717 3340 749 3401; x_wconf 93' lang='lat' dir='ltr'>in</span> <span class='ocrx_word' id='word_1_235' title='bbox 771 3360 879 3419; x_wconf 90' lang='lat' dir='ltr'>campo</span> <span class='ocrx_word' id='word_1_236' title='bbox 901 3341 940 3399; x_wconf 93' lang='lat' dir='ltr'>ad</span> <span class='ocrx_word' id='word_1_237' title='bbox 955 3341 1062 3414; x_wconf 86' lang='lat' dir='ltr'>Caprae</span> 
     </span>
     <span class='ocr_line' id='line_1_33' title="bbox 160 3436 1061 3519; baseline 0.001 -25"><span class='ocrx_word' id='word_1_238' title='bbox 160 3436 302 3510; x_wconf 88' lang='lat' dir='ltr'>paludem</span> <span class='ocrx_word' id='word_1_239' title='bbox 315 3436 446 3512; x_wconf 89' lang='lat' dir='ltr'>haberet,</span> <span class='ocrx_word' id='word_1_240' title='bbox 463 3437 562 3499; x_wconf 92' lang='lat' dir='ltr'>subito</span> <span class='ocrx_word' id='word_1_241' title='bbox 576 3451 679 3501; x_wconf 89' lang='lat' dir='ltr'>coorta</span> <span class='ocrx_word' id='word_1_242' title='bbox 693 3450 854 3519; x_wconf 90' lang='lat' dir='ltr'>tempestas</span> <span class='ocrx_word' id='word_1_243' title='bbox 868 3457 937 3498; x_wconf 88' lang='lat' dir='ltr'>cum</span> <span class='ocrx_word' id='word_1_244' title='bbox 951 3455 1061 3514; x_wconf 88' lang='lat' dir='ltr'>magno</span> 
     </span>
    </p>
   </div>
   <div class='ocr_carea' id='block_1_4' title="bbox 0 0 1200 3838">
    <p class='ocr_par' dir='ltr' id='par_1_6' title="bbox 0 0 1200 3838">
     <span class='ocr_line' id='line_1_34' title="bbox 0 0 1200 3838; baseline 0 4"><span class='ocrx_word' id='word_1_245' title='bbox 0 0 1200 3838; x_wconf 95' lang='lat' dir='ltr'> </span> 
     </span>
    </p>
   </div>
  </div>
 </body>
</html>
