2390 3838
383 257 579 313 TARQUlNIUS
600 257 767 301 SUPERBUS.
987 261 1023 319 29
1055 280 1062 289 ι

122 382 225 479 praeda
246 396 440 477 quadraginta
457 400 567 458 talenta
588 399 702 476 argenti
723 397 846 474 aurique
866 396 1025 472 refecisset,

122 498 264 574 concepit
284 497 384 557 animo
406 516 472 556 earn
487 495 714 573 amplitudinem
731 496 814 573 Jovis
829 497 940 574 templi,
957 517 1024 574 quae

122 595 214 673 digna
229 596 319 655 deum
333 593 546 670 hominumque
560 613 637 671 rege,
654 614 720 671 quae
735 597 875 654 Romano
889 594 1024 672 imperio,

124 713 193 771 quae
225 692 317 770 ipsius
346 692 435 752 etiam
463 691 522 752 loci
549 695 704 769 majestate
738 702 823 753 esset.
868 692 1025 770 Captivam

122 791 284 869 pecuniam
298 792 330 848 in
344 789 574 850 aedificationem
588 791 652 866 ejus
667 790 771 868 templi
786 791 924 868 seposuit.

167 887 294 965 Excepit
305 888 414 948 deinde
428 907 496 948 eum
507 886 615 946 lentius
629 907 682 964 spe
696 889 815 961 bellum,
826 909 886 966 quo
901 889 1024 964 Gabios,

124 984 325 1063 propinquam
336 988 449 1059 urbem,
460 984 658 1071 nequicquam
670 985 699 1045 vi
707 987 836 1060 adortus,
847 1007 938 1064 quum
949 989 1027 1048 obsi-

123 1083 219 1145 dendi
237 1103 357 1161 quoque
377 1086 481 1144 urbem
502 1103 570 1160 spes
585 1084 671 1160 pulso
692 1103 711 1142 a
724 1085 873 1144 maenibus
886 1086 1027 1163 adempta

125 1193 213 1254 esset,
229 1193 382 1258 postremo
396 1181 517 1241 minime
538 1192 600 1241 arte
615 1178 762 1255 Romana,
777 1184 880 1242 fraude
894 1202 930 1243 ac
944 1184 1024 1255 dolo,

126 1300 281 1357 aggressus
304 1290 356 1340 est.
400 1281 479 1338 Nam
495 1299 595 1356 quum,
611 1281 691 1339 velut
705 1279 804 1355 posito
819 1281 909 1354 bello,
924 1281 1028 1340 funda-

127 1378 237 1437 mentis
251 1376 356 1454 templi
376 1376 523 1453 jaciendis
543 1376 668 1454 aliisque
688 1378 808 1437 urbanis
830 1378 969 1455 operibus
983 1378 1027 1438 in·

127 1486 245 1536 tentum
260 1495 291 1535 se
306 1495 371 1536 esse
392 1477 550 1550 simularet,
567 1477 672 1536 Sextus
693 1476 769 1536 filius
790 1478 863 1552 ejus,
880 1476 931 1554 qui
945 1476 1029 1536 mini-

127 1593 194 1633 mus
216 1593 252 1633 ex
274 1572 366 1633 tribus
388 1585 459 1646 erat,
480 1572 636 1650 transfugit
658 1592 695 1633 ex
716 1574 883 1650 composito
904 1574 1027 1650 Gabios,

127 1673 221 1749 patris
241 1670 272 1730 in
292 1690 324 1731 se
346 1670 487 1731 saevitiam
501 1670 718 1731 intolerabilem
740 1692 933 1749 conquerens.
977 1676 1031 1735 Be·

128 1770 221 1846 nigne
234 1769 272 1827 ab
288 1767 412 1828 Gabinis
434 1779 585 1845 exceptus,
602 1769 676 1828 etin
698 1768 822 1829 consilia
840 1771 959 1847 publica
980 1773 1030 1847 ad·

127 1866 248 1939 hibitus,
263 1866 324 1926 dux
338 1867 378 1926 ad
389 1866 525 1926 ultimum
534 1867 606 1928 belli
621 1867 732 1944 legitur.
756 1870 805 1929 Ibi
820 1889 921 1946 quum,
937 1869 1031 1930 inscia

129 1962 320 2024 multitudine
338 1964 411 2041 quid
425 1976 569 2041 ageretur,
584 1966 690 2042 proelia
703 1986 795 2042 parva
809 1966 885 2027 inter
900 1970 1030 2028 Romam

130 2060 305 2137 Gabiosque
320 2063 432 2135 fierent,
446 2062 554 2138 quibus
568 2065 743 2141 plerumque
755 2065 873 2125 Gabina
886 2084 932 2125 res
947 2086 1032 2143 supe-

132 2159 193 2219 rior
206 2170 303 2234 esset;
324 2169 386 2218 tum
406 2159 539 2219 certatim
558 2161 665 2220 summi
679 2159 832 2238 infimique
847 2163 1031 2223 Gabinomm

131 2259 198 2318 Sex
214 2256 408 2334 Tarquinium
426 2258 508 2318 dono
529 2259 619 2318 deum
638 2257 694 2319 sibi
708 2259 829 2319 missum
844 2261 951 2321 ducem
972 2281 1033 2322 cre·

132 2357 211 2417 dere.
240 2355 331 2432 Apud
346 2355 454 2416 milites
468 2375 539 2416 vero
554 2358 697 2418 obeundo
711 2357 843 2435 pericula
856 2379 892 2419 ac
904 2360 1030 2433 labores,

130 2453 240 2531 pariter
250 2453 382 2530 praedam
393 2453 532 2514 munifice
547 2454 708 2531 largiend0,
724 2467 807 2516 tanta
820 2456 942 2518 caritate
957 2478 1030 2534 esse,

132 2564 241 2612 utnon
255 2563 340 2628 pater
352 2550 533 2628 Tarquinius
553 2544 705 2630 potentior
719 2556 835 2629 Romae,
852 2574 941 2631 quam
955 2555 1032 2616 filius

132 2649 237 2710 Gabiis
252 2661 337 2709 esset.
368 2641 484 2726 Itaque,
499 2662 657 2726 postquam
671 2651 741 2712 satis
755 2652 859 2711 virium
874 2653 1032 2714 collectum

133 2747 173 2807 ad
194 2766 300 2808 omnes
323 2757 449 2808 conatus
470 2747 600 2822 videbat,
619 2761 682 2809 tum
703 2769 720 2810 e
741 2750 800 2810 suis
821 2771 912 2811 unum
934 2751 1032 2812 scisci·

134 2856 228 2905 tatum
244 2847 374 2905 Romam
395 2845 435 2905 ad
456 2857 569 2923 patrem
594 2847 692 2921 mittit,
715 2846 857 2924 quidnam
882 2869 915 2910 se
936 2851 1033 2911 facere

133 2945 232 3004 vellet
257 2943 340 3003 Huic
353 2945 468 3018 nuntio,
481 2943 559 3021 quia,
569 2947 668 3019 credo,
679 2945 778 3007 dubiae
787 2946 857 3007 fidei
868 2947 1032 3025 videbatur,

132 3041 207 3100 nihil
221 3061 296 3102 voce
310 3061 487 3118 responsum
502 3053 555 3102 est
588 3045 663 3116 Rex,
677 3043 757 3103 velut
772 3045 1032 3122 deliberabundus

133 3137 165 3198 in
186 3141 305 3199 hortum
326 3139 435 3200 aedium
456 3141 569 3214 transit,
591 3152 736 3219 sequente
757 3143 862 3204 nuntio
882 3144 954 3206 filii:
982 3144 1033 3219 ibi,

133 3235 323 3297 inambulans
338 3238 454 3312 tacitus,
470 3259 586 3300 summa
606 3261 787 3318 papavemm
809 3244 907 3320 capita
927 3243 1035 3303 dicitur

114 3322 117 3327 ’
133 3337 244 3396 baculo
258 3335 433 3396 decussisse.
478 3340 695 3417 Interrogando
713 3343 975 3419 exspectandoque
990 3360 1034 3401 re·

134 3452 278 3511 sponsum
293 3433 414 3494 nuntius
425 3437 528 3512 fessus,
538 3448 569 3498 ut
579 3458 611 3499 re
625 3438 806 3517 imperfecta,
818 3438 895 3498 redit
906 3437 1019 3500 Gabios
1026 3459 1035 3513 5
