2390 3838
177 269 197 324 4
384 262 449 305 THE
469 260 568 305 SEVEN
590 259 684 305 mnus
705 261 745 304 01²
766 258 862 305 ROME.

177 404 261 466 caede
279 417 401 480 pergere
421 399 460 461 ad
475 419 507 461 se
519 400 699 477 gratulantes
720 398 803 472 vidit,
819 401 968 476 extemplo
989 400 1080 460 advo

121 510 124 515 '
176 512 245 561 cato
259 499 396 572 concilio,
412 497 524 559 scelera
544 496 575 558 in
594 517 627 558 se
641 496 748 572 fratris,
760 496 904 575 originem
923 507 1079 574 nepotum,

177 608 209 659 ut
222 594 323 676 geniti,
334 607 368 656 ut
382 592 508 668 educati,
518 605 550 654 ut
564 592 676 672 cogniti
690 604 799 668 essent,
808 595 924 655 caedem
936 593 1086 679 deinceps

178 693 408 777 tyranniseque
421 694 486 769 ejus
499 702 650 753 auctorem
665 691 803 753 ostendit
839 693 972 769 Juvenes
985 711 1078 769 quum

178 812 267 854 avum
285 811 385 869 regem
405 792 591 860 salutassent,
613 800 715 851 secuta
730 810 768 851 ex
789 791 871 850 omni
892 789 1080 851 multitudine

179 888 369 952 consentiens
403 908 463 949 vox
496 897 592 948 ratum
624 906 736 949 nomen
769 886 985 965 imperiumque
1019 890 1081 965 regi

179 986 284 1049 effecit

220 1103 246 1164 5.
271 1086 319 1146 Ita
346 1082 497 1145 Numitori
523 1084 643 1143 Albana
670 1085 814 1162 permissa
845 1103 886 1157 re,
915 1082 1079 1144 Romulum

179 1186 369 1259 Remumque
400 1180 512 1260 cupido
538 1179 619 1259 cepit
640 1179 671 1240 in
699 1180 735 1243 iis
759 1180 842 1256 locis,
867 1180 919 1242 ubi
944 1180 1079 1258 expositi,

178 1280 289 1359 ubique
318 1281 439 1342 educati
466 1289 559 1353 erant,
583 1278 663 1340 urbis
692 1279 865 1341 condenda.
918 1278 1083 1341 Intervenit
1187 1352 1188 1359 ἵ

179 1378 289 1440 deinde
303 1378 414 1439 avitum
428 1379 547 1451 malum,
557 1375 639 1454 regni
650 1377 770 1454 cupido,
782 1387 871 1454 atque
885 1375 958 1437 iude
968 1378 1082 1439 ioedum

180 1487 329 1538 certamen
353 1484 490 1536 coortum
512 1493 531 1534 a
554 1473 625 1534 satis
646 1472 712 1534 miti
733 1472 887 1552 principio.
930 1476 1083 1550 Quoniam

179 1572 291 1652 gemini
310 1582 420 1646 essent,
433 1590 490 1632 nec
504 1570 600 1632 aetatis
613 1571 793 1633 verecundia
813 1570 973 1633 discrimen
986 1572 1083 1633 iacere

179 1681 290 1748 posset,
304 1679 338 1730 ut
351 1667 393 1730 dii
411 1667 538 1747 auguriis
552 1669 690 1747 legerent,
706 1669 758 1747 qui
777 1688 888 1731 nomen
908 1689 996 1730 novae
1015 1668 1083 1729 urbi
1189 1666 1190 1697 ³

181 1769 272 1843 daret,
284 1766 334 1845 qui
344 1765 498 1827 conditam
506 1765 630 1844 imperio
638 1777 759 1846 regeret,
770 1766 916 1828 Palatium
925 1767 1081 1840 Romulus,

182 1868 295 1926 Remus
309 1863 491 1925 Aventinum
505 1864 544 1924 ad
557 1862 801 1942 ⁴inaugurandum
819 1866 931 1944 templa
951 1862 1081 1943 capiunt.

182 1961 277 2024 Priori
301 1965 400 2027 Remo
422 1961 584 2040 augurium
597 1962 716 2025 venisse
737 1965 837 2037 fertur,
862 1982 914 2024 sex
935 1963 1065 2025 vultures
1074 1983 1084 2038 3

181 2078 252 2123 mox
260 2061 371 2139 duplex
381 2079 520 2122 numerus
530 2063 662 2122 Romulo
676 2082 709 2122 se
723 2060 866 2127 ostendit:
876 2062 918 2123 ita
925 2071 1083 2138 utrumque

181 2178 281 2236 regem
295 2174 348 2219 sua
361 2157 521 2221 multitudo
535 2159 739 2221 consalutauit
780 2160 867 2235 Inde,
883 2179 951 2221 cum
965 2160 1085 2223 alterca-

182 2255 265 2317 tione
279 2254 440 2333 congressi,
451 2255 613 2317 certamine
623 2255 731 2317 irarum
741 2258 781 2318 ad
794 2258 909 2319 caedem
919 2267 1085 2318 vertuntur:

182 2352 226 2413 ibi
249 2353 281 2413 iu
306 2354 393 2413 turba
417 2351 493 2413 ictus
517 2355 632 2415 Remus
654 2353 771 2417 cecidit.
823 2353 980 2432 Vulgatior
1006 2354 1086 2415 fama

183 2460 236 2525 est,
250 2449 378 2511 ludibrio
391 2448 488 2511 fratris
502 2452 633 2512 Remum
650 2471 747 2513 novos
768 2451 948 2515 transiluisse
965 2467 1087 2524 muros,

183 2548 255 2608 inde
279 2548 318 2607 ab
341 2545 416 2608 irato
441 2548 573 2608 Romulo
595 2547 790 2609 intersectum
835 2550 884 2608 Ita
907 2549 988 2609 solus
1011 2545 1088 2625 poti-

182 2655 230 2706 tus
243 2641 368 2722 imperio
382 2645 547 2705 Romulus:
568 2644 690 2707 condita
703 2647 774 2707 urbs
787 2644 951 2707 conditoris
964 2642 1085 2707 nomine

183 2744 340 2820 appellata

225 2842 253 2899 (a
276 2840 422 2902 Palatium
448 2837 583 2917 primum,
607 2838 638 2900 in
666 2860 727 2918 quo
751 2840 816 2919 ipse
843 2852 906 2903 erat
933 2840 1085 2913 educatus,

182 2934 297 2997 muniit
336 2934 462 3000 ‚Deinde
482 2955 566 2999 sacra
579 2936 637 2999 diis
655 2936 781 3000 instituit
791 2960 800 3014 3
819 2935 1003 3005 multitudini
1020 2938 1087 3015 jura

184 3032 288 3109 dedit;
309 3053 342 3095 se
356 3053 448 3113 quum
462 3046 572 3096 caetero
585 3034 698 3110 habitu,
713 3047 777 3097 tum
791 3035 920 3098 maxime
933 3034 1087 3101 lictoribus

184 3129 345 3193 duodecim
359 3131 493 3210 sumptis,
508 3132 708 3211 augustiorem
721 3134 800 3196 fecit
838 3136 1002 3199 Crescebat
1013 3130 1088 3193 inte·

183 3226 239 3289 rim
265 3229 357 3304 urbs3
387 3231 473 3307 cujus
499 3249 539 3292 ne
565 3244 643 3301 vana
670 3232 845 3311 magnitudo
872 3242 959 3308 esset,
986 3232 1087 3291 locum

186 3326 347 3404 quendam,
362 3325 530 3399 alliciendae
551 3328 747 3401 multitudinis
768 3349 866 3406 causa,
886 3331 1004 3410 asylum,
1020 3344 1089 3403 ape

183 3422 250 3486 ruit.
292 3427 338 3488 Eo
366 3445 403 3487 ex
423 3424 555 3517 finitimis
575 3426 698 3507 populis
720 3429 807 3495 turba
825 3427 924 3498 omnis
945 3428 1009 3488 sine
1031 3422 1091 3495 dix„

614 3558 658 3598 er-
