2390 3838
185 290 220 328 22
391 287 455 329 THE
475 286 574 329 SEVEN
596 286 691 330 KINGS
712 287 751 329 OF
772 285 867 328 ROME.

182 426 272 486 factio
285 425 364 484 haud
377 424 468 485 dubia
482 423 565 501 regis,
578 425 661 501 cujus
669 423 816 485 beneficio
824 421 855 481 in
868 419 979 482 curiam
992 439 1086 480 vene·

181 534 253 583 rant.
298 525 410 582 Bellum
426 523 552 599 primurn
567 542 635 582 cum
652 521 765 582 Latinis
777 520 875 599 gessit,
890 532 919 579 et
933 517 1084 596 oppidum

181 619 222 680 ibi
243 619 367 696 Apiolas
388 619 416 679 vi
441 619 539 696 cepit:
563 621 722 697 praedaque
743 639 850 696 magna
870 617 940 677 inde
960 627 1084 676 revecta

182 718 270 777 ludos
284 716 438 788 maximos,
449 717 500 794 qui
516 716 644 778 Romani
658 715 729 777 dicti
743 729 819 790 sunt,
831 714 962 775 instituit
998 717 1082 773 Tum

181 815 308 892 primum
327 815 415 889 circu,
438 814 488 891 qui
506 834 585 874 nunc
605 816 755 875 Maximus
777 813 891 886 dicitur,
907 812 1081 890 designatus

180 913 264 972 locus
279 925 341 972 est:
357 914 424 972 loca
439 911 534 972 divisa
549 912 684 972 Patribus
700 911 914 989 equitibusque,
930 910 982 970 ubi
996 929 1081 986 spec-

180 1013 277 1071 tacula
298 1010 354 1071 sibi
376 1010 501 1088 quisque
522 1013 653 1071 facerent
664 1032 672 1084 3
692 1010 747 1070 fori
767 1011 915 1086 appellati.
958 1010 1007 1069 Ab
1029 1027 1081 1068 eo·

180 1108 248 1167 dem
263 1128 331 1186 rege
346 1120 375 1168 et
389 1109 466 1167 circa
477 1110 572 1168 sorum
586 1108 706 1185 privatis
715 1107 891 1168 aedificanda
904 1105 998 1167 divisa
1008 1117 1079 1166 sunt

180 1207 265 1281 loca3
287 1205 418 1283 porticus
433 1208 623 1283 tabernaeque
636 1208 730 1267 sactae.

221 1323 266 1378 29.
285 1305 374 1362 Muro
394 1323 513 1379 quoque
533 1302 652 1379 lapideo
674 1302 855 1363 circumdare
873 1304 979 1362 urbem
995 1322 1077 1379 para-

178 1401 238 1475 bat,
254 1420 346 1477 quum
355 1400 496 1460 Sabinum
511 1401 622 1460 bellum
631 1400 737 1476 coeptis
751 1400 925 1461 intervenit:
938 1401 1075 1476 adeoque

179 1517 214 1557 ea
228 1497 325 1558 subita
339 1517 385 1556 res
399 1497 460 1570 fuit,
477 1509 509 1557 ut
530 1499 611 1573 prius
626 1497 772 1558 Anienem
793 1500 950 1558 transirent
964 1500 1073 1571 hostes

178 1614 268 1671 quam
295 1593 414 1655 obviam
442 1594 483 1654 ire
507 1615 543 1655 ac
570 1595 725 1671 prohibere
749 1597 897 1657 exercitus
921 1599 1075 1656 Romanus

178 1704 288 1769 posset.
331 1694 437 1768 Itaque
446 1692 623 1768 trepidatum
635 1695 741 1755 Romae
752 1706 816 1755 est:
833 1706 862 1755 et
873 1694 969 1772 primo
984 1694 1075 1754 dubia

177 1788 301 1849 victoria
320 1808 429 1866 magna
449 1789 596 1867 utrimque
617 1793 700 1852 caede
728 1803 889 1870 pugnatum
911 1804 963 1852 est
1016 1794 1076 1851 Re·

178 1888 274 1947 ductis
288 1886 397 1947 deinde
412 1886 442 1946 in
457 1897 552 1946 castra
566 1888 695 1948 hostium
714 1889 815 1966 copiis,
833 1890 963 1966 datoque
977 1888 1073 1966 spatio

178 1984 324 2044 Romanis
338 1985 377 2044 ad
388 1986 623 2061 comparandum
637 1987 676 2047 de
690 1985 805 2064 integro
820 1987 938 2059 bellum,
953 1987 1076 2063 Tarqui-

176 2081 251 2156 nius,
274 2081 402 2158 equitem
426 2083 555 2143 maxime
578 2082 637 2144 suis
660 2086 765 2145 deesse
787 2084 897 2145 viribus
920 2096 1008 2157 ratus,
1033 2085 1073 2144 ad

177 2182 319 2253 Ramnes,
334 2180 490 2250 Titienses,
507 2183 645 2255 Luceres,
667 2177 741 2259 quas
762 2183 908 2243 centurias
927 2183 1073 2242 Romulus

175 2277 339 2353 scripserat,
355 2278 466 2338 addere
485 2279 557 2338 alias
579 2280 738 2355 constituit,
754 2300 868 2358 suoque
885 2281 1015 2358 insignes
1032 2299 1074 2340 re-

173 2373 306 2451 linquere
321 2374 450 2435 nomine.
494 2379 531 2436 Id
546 2398 637 2454 quum
651 2389 763 2438 vetaret
771 2379 834 2438 fieri
849 2383 936 2440 Attus
951 2378 1072 2453 Navius,

174 2470 302 2531 inclutus
317 2491 353 2531 ea
371 2483 549 2549 tempestate
566 2494 666 2551 augur,
681 2495 739 2546 rex,
755 2475 798 2535 ira
818 2487 924 2548 motus,
941 2478 1074 2536 eludens·

174 2588 233 2645 que
254 2584 356 2644 artem,
381 2572 556 2648 ‘Agedum’
578 2572 682 2649 inquit,
708 2572 827 2645 ‘divine
855 2585 895 2647 tu,
921 2573 1072 2649 inaugura,

172 2665 274 2727 fierine
288 2667 389 2743 possit,
400 2670 482 2744 quod
497 2689 578 2728 nunc
589 2688 644 2746 ego
659 2681 759 2730 mente
773 2670 931 2747 concipio'
971 2671 1071 2743 Quum

172 2763 230 2838 ille,
244 2764 275 2824 in
296 2766 417 2843 augurio
437 2787 500 2827 rem
522 2780 667 2844 expertus,
688 2770 822 2845 profecto
840 2770 966 2828 suturam
984 2759 1073 2829 dinis-

172 2873 218 2921 set
228 2883 237 2937 ;
255 2864 365 2941 ‘Atqui
383 2866 443 2925 hoc
463 2864 563 2924 animo
584 2865 709 2942 agitavi‚’
728 2865 831 2943 inquit,
856 2870 905 2924 ‘te
923 2869 1070 2927 novacula

172 2969 271 3019 cotem
288 2961 487 3022 discissurum.
530 2964 615 3038 Cape
635 2964 707 3037 haec,
723 2975 754 3023 et
773 2982 889 3040 perage,
904 2965 986 3040 quod
1000 2985 1071 3026 aves
1133 2956 1137 2961 ,

173 3068 232 3117 tuae
251 3059 313 3118 fieri
332 3079 421 3136 posse
438 3060 636 3135 portendunt!
688 3062 766 3120 Tum
785 3060 867 3120 illum
885 3061 964 3122 haud
985 3083 1071 3124 cunc·

171 3164 268 3215 tanter
284 3156 437 3217 discidisse
458 3169 556 3217 cotem
570 3160 673 3218 ferunt,
718 3161 793 3233 Rex,
807 3158 949 3221 miraculo
963 3161 1006 3222 rei
1020 3163 1070 3222 ad-

172 3253 311 3325 monitus,
341 3254 380 3313 de
407 3255 542 3329 equitum
570 3256 708 3317 centuriis
735 3256 808 3317 nihil
836 3260 961 3320 mutavit
972 3282 981 3335 3
1015 3259 1068 3320 sed

171 3369 326 3409 numerum
337 3351 468 3427 equitum
477 3352 508 3410 in
517 3351 639 3429 singulis
647 3355 786 3416 centuriis
798 3357 967 3434 duplicavit„
1001 3360 1070 3417 Hac

170 3459 252 3522 parte
266 3445 418 3524 copiarum
432 3460 526 3523 aucta,
542 3448 647 3511 iterum
665 3473 736 3515 cum
754 3455 869 3516 Sabinis
884 3454 1069 3533 confligitur;
