2390 3838
426 246 546 290 rursus
567 246 738 291 uosrrrrus.
994 239 1029 300 17

127 387 251 445 Albano
265 404 327 444 non
342 386 407 462 plus
421 383 512 444 animi
527 395 589 445 erat
604 404 695 463 quam
709 384 788 446 fidei
827 388 895 446 Nec
908 404 1029 446 manere

128 502 209 561 erg0,
224 502 282 544 nec
296 482 418 543 transire
431 495 532 560 aperte
545 503 643 558 ausus,
656 483 766 544 sensim
781 485 821 544 ad
834 494 952 544 montes
966 502 1029 543 suc-

127 580 218 641 cedit
255 580 403 665 Miraculo
417 582 513 657 primo
525 600 589 641 esse
601 581 755 656 Romanis,
768 581 819 658 qui
833 580 958 658 proximi
973 593 1029 641 ste-

128 689 273 753 terant,ut
281 678 386 737 nudari
395 680 549 739 laterasua
557 679 704 738 sociomm
714 679 845 756 digressu
856 689 1027 739 senserunt:

49 854 52 859 1
127 777 200 837 inde
225 796 316 855 eques
337 775 428 837 citato
449 797 527 854 equo
548 778 665 836 nuntiat
685 777 755 854 regi,
777 776 857 837 abire
882 778 1025 837 Albanos.

35 872 40 877 ’
127 876 233 934 Tullus
255 874 286 933 in
307 895 339 934 re
357 875 473 952 trepida
492 874 652 935 duodecim
672 874 754 935 vovit
776 874 878 949 Salios,
898 876 1026 951 fanaque

127 972 239 1033 Pallori
251 992 287 1031 ac
307 971 420 1032 Pavori.
465 971 604 1049 Equitem
618 973 696 1032 clara
715 972 873 1049 increpans
895 991 978 1046 voce,
992 982 1025 1032 ut

124 1071 226 1130 hostes
247 1070 427 1143 exaudirent,
442 1070 537 1131 redire
555 1069 586 1128 in
600 1068 737 1146 proelium
748 1071 851 1146 jubet:
873 1069 954 1128 Nihil
971 1081 1026 1131 tre·

123 1168 279 1245 pidatione
300 1188 376 1245 opus
396 1187 480 1227 esse:
502 1187 557 1228 suo
569 1170 652 1244 jussu
673 1166 853 1227 circumduci
873 1168 1023 1227 Albanum

124 1265 293 1339 exercitum,
307 1276 340 1325 ut
355 1265 542 1326 Fidenatium
555 1266 637 1325 nuda
648 1276 730 1343 terga
743 1266 891 1325 invadant.
936 1267 1023 1325 Idem

122 1363 258 1441 imperat,
274 1375 306 1423 ut
324 1364 425 1424 hastas
445 1366 560 1442 equites
573 1363 686 1441 erigere
699 1365 810 1440 jubeat
855 1363 894 1423 Id
912 1364 1023 1422 facturn

121 1481 237 1540 magnae
246 1461 322 1538 parti
330 1461 464 1538 pediturn
475 1464 876 1538 Romanorumconspectum
885 1460 1021 1521 abeuntis

120 1559 234 1620 Albani
249 1559 393 1620 exercitus
407 1559 598 1637 intersaepsit:
620 1559 671 1637 qui
684 1559 827 1634 viderant,
839 1559 870 1619 id
885 1559 967 1636 quod
981 1561 1020 1619 ab

119 1672 190 1730 rege
208 1653 343 1714 auditum
358 1664 420 1714 erat
434 1653 496 1727 rati,
512 1674 549 1714 eo
564 1655 658 1714 acrius
672 1666 813 1731 pugnant.
856 1655 963 1713 Terror
980 1653 1019 1713 ad

119 1750 222 1811 hostes
231 1750 341 1810 transit
365 1753 404 1810 Et
414 1750 587 1810 audiverant
597 1750 675 1810 clara
683 1770 758 1811 voce
769 1749 890 1825 dictum,
901 1761 931 1810 et
941 1769 1020 1828 mag·

119 1866 159 1907 na
169 1868 237 1925 pars
248 1848 436 1908 Fidenatium
449 1848 553 1908 Latine
565 1848 707 1908 sciebant.
744 1850 858 1925 Itaque,
870 1867 909 1907 ne
920 1844 1019 1911 subito

119 1933 297 2006 ex'collibus
308 1948 434 2007 decursu
445 1948 629 2008 Albanorum
640 1946 903 2007 intercluderentur
913 1948 951 2006 ab
966 1965 1017 2022 op·

117 2044 200 2120 pido,
212 2055 293 2122 terga
303 2055 426 2104 vertunt
464 2047 560 2105 Instat
570 2046 684 2118 Tullus,
694 2046 820 2120 fusoque
830 2043 1016 2103 Fidenatium

116 2160 210 2201 cornu
229 2140 260 2200 in
276 2141 443 2215 Veientem,
458 2141 555 2201 alieno
568 2161 679 2218 pavore
701 2142 876 2218 perculsum,
892 2140 1017 2201 ferocior

115 2238 198 2298 redit
241 2241 307 2299 Nec
330 2238 373 2298 illi
393 2241 485 2300 tulere
506 2238 670 2316 impetum:
698 2238 749 2298 sed
771 2239 809 2308 ab
831 2240 923 2297 effusa
945 2226 1015 2317 fuga

114 2337 225 2397 flumen
241 2338 392 2414 objectum
406 2358 424 2398 a
437 2347 519 2415 tergo
529 2340 656 2398 arcebat
693 2337 763 2412 Quo
773 2347 931 2413 postquam
944 2338 1014 2414 fuga

114 2433 275 2507 inclinavit,
287 2434 345 2509 alii,
357 2455 438 2495 arma
451 2437 531 2496 soede
539 2437 695 2512 jactantes,
708 2436 739 2494 in
749 2454 858 2511 aquam
868 2436 939 2495 caeci
950 2454 1013 2496 rue-

47 2529 73 2591 0
112 2532 204 2592 bant:
218 2531 277 2605 alii,
288 2520 360 2592 dum
369 2542 545 2592 cunctantur
554 2531 585 2591 in
594 2531 666 2609 ripa,
676 2534 834 2609 interfugae
844 2551 1012 2609 pugnaeque

112 2629 269 2690 consilium
293 2630 435 2707 oppressi.
479 2632 551 2690 Non
573 2631 631 2690 alia
652 2641 722 2691 ante
744 2632 884 2690 Romana
911 2648 1011 2707 pugna

111 2726 239 2788 atrocior
251 2726 313 2788 fuir.

152 2846 198 2899 24·
221 2828 299 2885 Tum
323 2825 458 2885 Albanus
479 2824 634 2899 exercitus,
657 2835 807 2902 spectator
830 2823 1007 2900 certaminis,

109 2923 256 2984 deductus
276 2923 308 2983 in
328 2942 460 3000 campos.
504 2926 618 2984 Mettus
639 2925 728 2983 Tullo
749 2921 883 2983 devictos
907 2924 1008 2987 hostes

107 3023 284 3097 gratulatur:
306 3032 410 3082 contra
426 3022 531 3081 Tullus
547 3024 676 3081 Mettum
690 3019 821 3098 benigne
839 3021 1005 3098 alloquitur.

108 3120 232 3179 Postero
247 3118 296 3179 die
310 3118 410 3179 vocari
424 3119 464 3179 ad
478 3117 655 3179 concionem
669 3129 827 3196 utrumque
846 3118 1006 3179 exercitum

104 3215 197 3291 jubet
235 3219 401 3287 Praecoues‚
412 3219 451 3277 ab
462 3228 594 3277 extremo
608 3214 674 3290 orsi,
686 3215 798 3294 primos
808 3218 942 3277 excivere
955 3216 1005 3275 Al·

106 3313 209 3375 banos.
255 3313 307 3388 Hi,
322 3314 455 3376 novitate
474 3313 564 3375 etiam
577 3314 620 3374 rei
633 3302 717 3390 moti,
732 3325 764 3374 ut
777 3334 876 3393 regem
896 3316 1005 3374 Roma-

104 3430 177 3472 num
198 3411 424 3474 concionantem
447 3412 590 3487 audirent,
604 3412 730 3491 proximi
747 3411 913 3473 constitere
957 3414 1003 3476 Ex
