2390 3838
425 297 554 342 serevms
575 297 717 342 ruinius.
985 299 1021 355 27-

118 454 197 495 voce
217 437 372 509 exclamat,
390 437 489 513 ‘Quid
510 437 579 510 hoc,
594 436 747 514 Tarquini,
762 435 805 496 rei
824 438 889 497 est?
911 456 970 513 qua
989 445 1022 495 tu

119 533 256 607 audacia,
272 554 321 595 me
340 534 417 608 vivo,
432 555 539 597 vocare
552 555 641 596 ausus
656 555 687 595 es
704 537 827 596 Patres?
840 547 891 595 aut
905 535 935 594 in
950 535 1023 594 sede

116 631 276 691 considere
286 634 391 693 mea?'
433 633 534 709 Quum
545 633 595 693 ille
605 634 741 695 ferociter
751 635 789 694 ad
803 635 877 707 haec,
888 654 919 693 se
930 631 1021 709 patris

117 728 165 788 sui
189 739 291 790 tenere
316 732 428 804 sedem,
450 731 662 808 respondisset,
677 733 790 791 clamor
809 734 847 791 ab
869 730 1021 806 utriusque

116 826 282 887 fautoribus
306 829 406 901 oritur,
430 840 459 889 et
481 849 642 890 concursus
669 831 772 907 populi
797 831 888 890 fiebat
914 827 944 887 in
972 847 1021 887 cu·

115 923 210 984 riam:
239 928 461 1002 apparebatque
487 938 675 1004 regnaturum
698 927 748 1004 qui
771 925 897 986 vicisset.
940 928 1019 984 Tum

115 1022 305 1098 Tarquinius,
329 1023 506 1084 necessitate
526 1026 588 1101 jam
614 1023 679 1100 ipsa
701 1038 827 1101 cogente
849 1023 951 1083 ultima
969 1042 1021 1082 au-

115 1117 198 1191 dere,
224 1121 317 1180 multo
353 1132 382 1180 et
410 1132 499 1180 aetate
534 1132 564 1181 et
591 1120 701 1181 viribus
725 1121 857 1195 validior,
886 1119 1019 1179 medium

115 1214 219 1291 arripit
251 1217 384 1276 Servium
394 1240 404 1292 3
438 1220 608 1294 elatumque
636 1238 653 1278 e
680 1218 760 1278 curia
786 1218 818 1277 in
851 1216 1018 1277 inferiorem

114 1323 230 1389 partem
249 1333 302 1390 per
315 1315 423 1391 gradus
443 1314 553 1391 dejicit
598 1316 676 1375 Inde
690 1316 728 1374 ad
744 1316 913 1392 cogendum
933 1332 1017 1373 sena·

115 1422 180 1470 tum
208 1411 239 1470 in
267 1412 379 1472 curiam
407 1413 492 1473 redit.
545 1412 593 1473 Fit
619 1414 688 1490 luga
714 1414 791 1491 regis
818 1412 1018 1490 apparitorum

114 1518 206 1585 atque
220 1511 371 1570 comitum.
417 1511 487 1587 Ipse
505 1530 599 1588 prope
613 1511 770 1588 exsanguis
784 1531 874 1588 quum
894 1511 1018 1570 domum

114 1625 148 1666 se
162 1607 315 1684 reciperet,
328 1610 366 1667 ab
381 1606 424 1681 iis,
438 1608 489 1685 qui
503 1608 585 1669 missi
599 1611 638 1670 ab
647 1609 811 1686 Tarquinio
825 1620 917 1682 erant,
932 1610 1019 1668 inter·

113 1703 217 1764 ficitur.
246 1731 249 1736 ·
263 1706 409 1778 Creditur,
425 1705 495 1782 quia
508 1725 570 1766 non
585 1708 723 1767 abhorret
740 1728 758 1767 a
772 1719 872 1767 cetero
897 1708 1018 1778 scelere,

113 1801 271 1863 admonitu
285 1803 391 1862 Tulliae
404 1803 436 1863 id
454 1806 572 1865 factum
617 1807 769 1882 Carpento
783 1817 862 1864 certe
878 1803 921 1884 <id
936 1803 1018 1880 quod

113 1899 186 1959 satis
209 1904 338 1975 constat)
361 1901 392 1960 in
417 1902 513 1962 forum
538 1901 662 1977 invecta,
678 1922 734 1963 nec
758 1905 881 1963 reverita
905 1913 1017 1962 coetum

113 1996 251 2069 virorum,
281 1998 416 2058 evocavit
443 1999 536 2058 virum
566 2019 582 2059 e
612 2000 702 2073 curia,
730 2019 890 2077 regemque
922 1998 1017 2076 prima

113 2088 284 2172 appellavit.
327 2099 355 2155 A
369 2117 429 2174 quo
453 2099 598 2158 facessere
620 2100 702 2174 jussa
723 2119 759 2158 ex
782 2109 864 2157 tanto
887 2099 1016 2156 tumultu

114 2213 207 2271 quum
231 2214 263 2254 se
277 2196 400 2255 domum
414 2194 566 2273 reciperet,
580 2208 702 2273 repente
716 2195 843 2256 inhibuit
861 2198 961 2255 frenos
980 2193 1015 2267 is,

117 2292 169 2370 qui
195 2294 330 2369 jumenta
358 2297 472 2371 agebat,
496 2297 706 2372 jacentemque
729 2295 859 2356 dominae
886 2294 1017 2355 Servium

112 2390 290 2450 trucidatum
319 2390 456 2452 ostendit
510 2394 638 2452 Foedum
665 2392 918 2469 inhumanumque
946 2391 1017 2452 inde

111 2487 237 2549 traditur
257 2491 361 2561 scelus,
377 2501 631 2567 monumentoque
646 2491 728 2550 locus
749 2501 813 2550 est:
834 2491 1013 2550 Sceleratum

111 2585 212 2646 vicum
236 2599 353 2659 vocant,
377 2607 437 2664 quo
461 2608 573 2660 amens,
595 2587 774 2666 agitantibus
799 2588 879 2647 furiis
907 2588 1016 2648 sororis

111 2705 148 2745 ac
173 2685 236 2757 viri,
259 2686 358 2745 Tullia
382 2705 436 2763 per
461 2686 552 2764 patris
572 2706 689 2764 ‚corpus
716 2697 891 2763 carpentum
919 2683 1015 2761 egisse

112 2784 211 2852 fertur,
226 2798 401 2861 partemque
415 2783 565 2861 sanguinis
579 2804 615 2844 ac
630 2785 721 2845 caedis
743 2795 873 2861 paternae
887 2795 1012 2844 cruento

111 2881 259 2954 vehiculo,
270 2881 472 2943 contaminata
480 2882 754 2960 ipsarespersaque,
764 2883 804 2942 ad
812 2894 936 2959 penates
945 2902 1015 2944 suos

112 2978 226 3056 virique
241 2980 285 3039 sui
301 2980 409 3041 tulisse.
939 2965 941 2971 ’

152 3079 212 3138 Ser.
229 3077 344 3137 Tullius
358 3077 490 3156 regnavit
504 3098 599 3140 annos
613 3088 752 3156 quattuor
765 3089 795 3139 et
810 3078 1013 3156 quadraginta,

111 3174 153 3234 ita
173 3187 207 3235 ut
227 3177 309 3235 bono
330 3176 418 3236 etiarn
439 3179 655 3253 moderatoque
669 3176 840 3237 succedenti
861 3179 921 3253 regi
943 3176 1015 3236 diffi-

111 3273 175 3334 cilis
197 3275 346 3334 aemulatio
363 3287 447 3335 esset
493 3277 632 3337 Ceterum
647 3274 679 3335 id
696 3294 816 3352 quoque
835 3276 874 3335 ad
890 3272 1013 3351 gloriam

112 3371 247 3444 accessit,
264 3373 346 3447 quod
360 3391 428 3431 curn
444 3374 495 3432 illo
509 3374 596 3432 simul
617 3374 696 3449 justa
717 3391 753 3432 ac
773 3372 903 3450 legitima
923 3389 1014 3448 regna

111 3470 294 3532 occiderunt.
