2390 3838
178 204 214 262 18
383 215 448 259 aun
463 214 567 260 srvnn
588 214 685 258 tortos
706 214 746 257 or
766 214 860 259 rona

175 357 343 436 composito
360 368 474 418 armata
491 355 689 417 circumdatur
702 357 840 416 Romana
853 356 950 433 legio:
972 368 1074 418 centu-

175 456 306 516 rionibus
327 455 431 515 datum
451 453 603 532 negotium
618 463 688 525 erat,
708 463 741 513 ut
762 452 825 514 sine
846 473 929 514 mora
948 452 1074 531 imperia

176 563 410 630 exsequerentur.
452 554 531 611 Tum
549 551 592 612 ita
609 552 713 611 Tullus
730 551 813 611 infit:
836 551 992 629 ‘Romani
1008 552 1074 611 hes-

174 639 259 711 terno
268 649 317 709 die
328 649 500 710 dimicatum
510 659 554 709 est
564 668 626 709 non
635 647 728 725 magis
737 668 804 708 cum
815 649 959 721 hostibus,
972 668 1071 725 quarn,

175 767 242 825 quae
255 746 405 807 dimicatio
419 748 514 823 major
524 756 613 822 atque
624 745 816 824 periculosior
826 757 879 820 est,
891 765 960 806 cum
973 746 1073 823 prodi·

175 845 257 906 tione
270 865 307 904 ac
320 844 445 922 perfidia
460 845 616 905 sociorum.
659 846 746 917 Nam,
761 863 800 904 ne
814 864 869 905 vos
882 846 956 904 falsa
969 844 1073 922 opinio

175 953 283 1016 teneat,
299 942 412 1020 injussu
430 963 498 1003 meo
518 941 629 1003 Albani
644 941 759 1002 subiere
778 942 817 1002 ad
835 952 961 1003 montes.
1004 944 1035 1003 N
1037 962 1074 1002 ec

175 1060 212 1100 ea
220 1042 315 1117 culpa,
326 1060 416 1118 quam
424 1060 524 1118 arguo,
536 1039 668 1100 omnium
678 1040 863 1099 Albanorum
872 1051 925 1100 est
958 1042 1073 1101 Mettus

175 1137 225 1198 ille
237 1150 281 1199 est
292 1140 398 1199 ductor
410 1138 521 1200 itineris
532 1139 627 1214 hujus,
642 1139 754 1197 Mettus
767 1136 848 1197 idem
861 1138 948 1214 hujus
962 1138 1073 1198 machi·

175 1248 262 1297 nator
275 1237 354 1311 belli,
368 1240 482 1297 Mettus
492 1236 613 1296 foederis
626 1235 756 1294 Romani
767 1237 939 1320 Albanique
952 1238 1073 1313 ruptor!

177 1334 376 1397 Centuriones
399 1333 503 1394 annati
526 1335 655 1394 Mettum
680 1331 915 1394 circumsistunt:
943 1353 996 1394 rex
1018 1354 1073 1394 cae-

175 1444 245 1506 tera,
260 1443 293 1492 nt
307 1452 390 1493 orsus
405 1442 474 1504 erat,
489 1430 618 1508 peragit:
641 1432 779 1502 ‘Albani
794 1432 936 1508 populum
951 1452 1071 1493 ornnem

176 1531 327 1592 Albanum
348 1531 478 1589 Romam
498 1529 651 1588 traducere
665 1527 696 1588 in
717 1527 818 1590 animo
837 1539 902 1603 est;
922 1529 1072 1590 civitatem

176 1629 248 1689 dare
266 1627 347 1704 plebi
357 1649 366 1702 3
387 1625 529 1703 primores
548 1624 579 1684 in
588 1628 695 1686 Patres
714 1627 832 1703 legere3
850 1646 941 1687 unam
959 1630 1071 1701 urbem,

176 1745 267 1785 unam
286 1723 499 1800 rempublicam
519 1725 622 1783 facere.
666 1725 710 1784 Ut
730 1743 768 1783 ex
787 1743 848 1784 uno
868 1726 1022 1801 quondam
1042 1726 1075 1785 in

178 1824 255 1885 duos
273 1823 402 1900 populos
416 1822 512 1883 divisa
525 1823 644 1882 Albana
657 1841 703 1883 res
717 1833 770 1894 est,
787 1822 830 1882 sic
843 1844 923 1884 nunc
936 1823 968 1884 in
981 1844 1073 1884 unum
1184 1804 1185 1839 i

177 1922 296 1983 redeat’
337 1922 388 1981 Ad
407 1921 474 1981 haec
494 1921 613 1981 Albana
632 1922 734 1997 pubes,
757 1920 876 1982 inermis
894 1923 932 1982 ab
952 1922 1074 1983 armatis
1184 1938 1185 1991 ,

178 2030 278 2097 saepta,
300 2017 332 2078 in
359 2017 446 2079 variis
466 2017 681 2093 voluntatibus,
699 2018 851 2080 communi
872 2030 972 2079 tamen
991 2030 1074 2080 metu
1184 2064 1185 2095 ,

178 2127 312 2196 cogente,
322 2115 470 2177 silentium
479 2127 568 2177 tenet
598 2117 676 2175 Turn
685 2117 788 2176 Tullus
802 2139 808 2175 ι
825 2118 938 2178 ‘Mette
948 2116 1074 2191 Fuffeti,'

179 2215 283 2292 inquit,
297 2219 347 2274 ‘ut
360 2215 460 2290 paullo
471 2224 541 2274 ante
551 2212 683 2272 animum
693 2212 769 2273 inter
781 2213 954 2297 Fidenatem
965 2217 1076 2274 Roma·

178 2330 309 2388 namque
322 2330 384 2370 rem
399 2310 558 2387 ancipitem
571 2308 696 2387 gessisti,
710 2308 750 2369 ita
763 2311 825 2385 jam
839 2329 946 2386 corpus
964 2310 1076 2386 passim
1184 2378 1185 2381 Ἴ

179 2407 401 2470 distrahendum
410 2405 513 2466 dabis.’
523 2404 649 2477 Exinde,
655 2401 771 2466 duabus
779 2404 906 2466 admotis
915 2405 1074 2483 quadrigis,

179 2506 210 2566 in
231 2524 331 2565 currus
349 2523 448 2564 earum
463 2502 624 2563 distentum
638 2501 730 2580 illigat
748 2506 895 2564 Mettum:
914 2502 1025 2564 deinde
1044 2503 1075 2564 in

179 2603 327 2665 diversum
344 2601 399 2663 iter
412 2602 480 2677 equi
495 2599 644 2674 concitati,
658 2602 787 2661 lacerum
802 2602 833 2660 in
846 2611 971 2678 utroque
990 2621 1076 2662 curru
1184 2592 1185 2599 ἵ

179 2721 297 2779 corpus,
312 2720 372 2778 qua
384 2698 560 2759 inhaeserant
574 2697 699 2758 vinculis
713 2700 854 2772 membra,
869 2709 1030 2776 portantes.

223 2818 238 2857 2
243 2815 269 2875 5.
292 2800 374 2857 Inter
383 2797 447 2857 haec
455 2796 519 2872 jam
527 2793 669 2871 praemissi
679 2796 787 2855 Albam
797 2806 880 2856 erant
889 2794 1012 2873 equites,
1025 2796 1076 2874 qui

180 2893 399 2955 multitudinem
420 2894 606 2954 traducerent
621 2894 758 2953 Romam.
801 2892 947 2970 Legiones
966 2893 1077 2956 deinde
1184 2936 1185 2939 =

181 2993 279 3052 ductae
298 2991 339 3050 ad
359 2988 534 3050 diruendam
554 2989 659 3049 urbem
679 2988 789 3067 passim
810 2988 930 3068 publica
950 2989 1077 3068 privata·

182 3106 241 3166 que
254 3085 355 3148 omnia
367 3096 446 3148 tecta
459 3086 618 3164 adaquant
631 3088 707 3162 solo,
722 3107 840 3166 unaque
855 3088 928 3149 hora
941 3087 1078 3166 quadrin-

181 3195 338 3265 gentorum
350 3204 495 3246 annorum
509 3203 593 3262 opus,
605 3183 712 3263 quibus
725 3187 805 3247 Alba
818 3195 947 3261 steterat,
959 3184 1076 3247 excidio
1160 3214 1164 3218 ·

182 3303 219 3344 ac
231 3281 322 3344 ruinis
332 3283 449 3345 dedere
484 3283 619 3361 Templis
629 3293 729 3345 tamen
741 3286 832 3346 deum
844 3283 897 3365 (ita
906 3282 986 3347 enim
999 3281 1077 3344 edic-

182 3391 247 3443 tum
259 3382 298 3442 ab
312 3400 381 3460 rege
394 3378 502 3460 fuerat)
516 3391 712 3461 temperatum
726 3394 781 3447 est.
