2390 3838
186 241 207 300 6
395 255 460 299 mm
480 253 579 300 sumu
599 248 696 298 miros
716 252 756 297 or
776 252 873 296 norm.

186 413 259 468 rum,
274 395 385 455 factum
398 392 585 471 purgantium
597 391 760 471 cupiditate
772 403 863 470 atque
876 411 993 454 amore:
1015 412 1084 471 quae

186 490 313 553 maxime
327 491 367 551 ad
380 489 524 551 muliebre
537 489 688 569 ingenium
702 491 837 552 efficaces
849 510 952 568 preces
966 500 1043 552 sunt.

227 593 253 652 8.
278 591 346 666 Jam
366 588 531 650 admodum
551 587 676 666 mitigati
699 586 792 648 animi
813 586 906 666 raptis
928 597 1029 650 erant:
1052 598 1083 649 at

184 698 334 766 raptarum
353 696 490 764 parentes
503 696 567 747 tum
576 687 705 747 maxime
723 685 844 748 sordida
851 696 933 747 veste
943 684 1082 747 lacrimis·
1130 697 1133 703 ’

185 804 244 864 que
254 796 284 845 et
293 784 420 862 querelis
429 783 562 844 civitates
573 783 772 845 concitabant
801 785 1082 845 Necdomitantum

184 882 404 960 indignationes
412 880 616 954 continebant,
627 882 681 942 sed
689 882 943 960 congregabantuu
950 880 1082 957 undique

182 980 223 1039 ad
237 979 339 1039 Titum
349 978 478 1051 Tatium,
487 997 587 1056 regem
597 977 795 1054 Sabinorum3
815 989 844 1039 et
857 977 1020 1057 legationes
1034 996 1079 1052 eo,

183 1077 265 1154 quod
284 1075 444 1136 maximum
464 1074 544 1135 Tatii
564 1094 676 1137 nomen
696 1075 728 1135 in
751 1075 797 1136 his
818 1074 987 1154 regionibus
1009 1086 1080 1149 erat,

183 1173 411 1234 conveniebant.
454 1172 648 1235 Caeninenses
662 1172 903 1251 Crustuminique
916 1183 946 1233 et
958 1173 1081 1233 Antem-

181 1281 266 1331 nates
275 1281 367 1345 erant,
376 1271 416 1331 ad
424 1290 501 1349 quos
511 1272 577 1347 ejus
585 1269 699 1348 injuriae
707 1289 774 1348 pars
784 1269 958 1347 pertinebat.
985 1270 1080 1329 Lente
1186 1340 1187 1347 ἵ

181 1354 268 1446 agere
282 1368 317 1428 iis
332 1367 435 1429 Tatius
449 1367 610 1445 Sabinique
624 1367 768 1428 visisunt.
812 1367 875 1445 Ipsi
889 1367 966 1428 inter
979 1387 1011 1429 se
1021 1377 1079 1428 tres
1186 1358 1187 1383 ³

180 1468 284 1543 populi
308 1464 506 1527 communiter
528 1466 639 1526 bellurn
663 1475 775 1543 parant
826 1467 874 1525 Ne
898 1464 1079 1526 Crustumini
1163 1475 1167 1481 '

181 1563 302 1640 quidem
312 1574 402 1641 atque
411 1566 616 1637 Antemnates
625 1582 681 1640 pro
694 1564 800 1623 ardore
810 1561 912 1640 iraque
922 1562 1080 1625 Caeninen·
1176 1644 1180 1653 .

179 1661 265 1735 sium,
275 1660 345 1721 satis
356 1681 388 1723 se
398 1660 522 1740 impigre
533 1671 671 1720 movent:
693 1658 735 1720 ita
745 1679 799 1737 pro
813 1680 845 1720 se
856 1661 953 1737 ipsum
966 1678 1078 1720 nomen

179 1759 338 1820 Caeninnm
362 1758 393 1819 in
414 1777 516 1835 agrum
539 1759 711 1819 Romanurn
733 1756 876 1834 impetum
898 1758 976 1817 facit.
1018 1757 1078 1818 Sed

179 1858 271 1917 effuse
292 1855 476 1917 vastantibus
497 1857 530 1915 fit
548 1853 655 1915 obvius
677 1874 746 1914 cum
768 1854 897 1915 exercitu
923 1856 1077 1928 Romulus,
1188 1914 1189 1931 ¹

178 1956 296 2033 levique
307 1952 466 2016 certamine
479 1953 578 2027 docet,
589 1972 697 2013 vanam
708 1952 772 2015 sine
782 1953 895 2013 viribus
908 1952 981 2013 iram
995 1972 1077 2013 esse:

179 2052 339 2114 exercitum
353 2049 451 2111 fundit
464 2051 602 2127 fugatque
615 2070 625 2124 3
645 2051 744 2111 fusum
756 2050 956 2129 persequitur:
978 2070 1078 2129 regem

177 2149 210 2210 in
229 2149 337 2227 proelio
351 2150 508 2209 obtruncat
527 2158 557 2209 et
577 2148 701 2225 spoliat:
723 2150 800 2210 duce
816 2147 947 2210 hostium
966 2147 1075 2222 occiso,

177 2250 282 2309 urbem
308 2248 404 2325 primo
431 2246 544 2323 impetu
572 2245 661 2323 capit.
705 2247 782 2308 Inde
810 2247 940 2308 exercitu
966 2247 1077 2308 victore

178 2341 310 2416 reducto,
319 2341 416 2420 spolia
424 2341 647 2404 ducishostium
656 2343 726 2403 caesi
737 2363 879 2422 suspensa
887 2342 1028 2404 fabricato
1037 2346 1076 2403 ad

177 2439 209 2500 id
222 2451 292 2518 apte
305 2440 416 2502 ferculo
429 2459 545 2518 gerens,
555 2440 587 2500 in
601 2440 784 2518 Capitolium
797 2441 933 2502 ascendit
946 2463 954 2501 ε
975 2440 1076 2518 ibique

177 2557 214 2597 ea
233 2557 325 2615 quum
343 2538 382 2598 ad
403 2557 544 2614 quercum
561 2537 729 2615 pastoribus
748 2558 861 2598 sacram
882 2537 1075 2616 deposuisset,

177 2634 264 2695 simul
280 2655 348 2694 cum
362 2635 444 2695 dono
461 2634 627 2712 designavit
641 2636 753 2713 templo
770 2633 853 2712 Jovis
871 2638 953 2709 fines,
968 2653 1077 2712 cogno
1172 2626 1178 2635 ’

177 2751 305 2809 menque
316 2731 432 2792 addidit
446 2732 523 2793 deo:
546 2732 673 2810 ‘Jupiter
682 2732 810 2806 Feretri,'
820 2731 924 2809 inquit,
936 2733 1016 2797 ‘haeo
1022 2732 1076 2793 tibi

176 2829 270 2891 victor
284 2831 431 2890 Romulus
444 2849 496 2891 rex
505 2829 585 2906 regia
598 2849 680 2889 arma
693 2830 774 2890 sero!
815 2832 895 2890 Haec
909 2829 1012 2907 templi
1031 2842 1076 2892 est

75 2918 77 2921 ’
176 2925 268 3004 origo,
283 2928 365 3003 quod
379 2927 507 3004 primum
521 2927 654 2987 omniurn
669 2929 775 2987 Romae
790 2938 935 2987 sacratum
949 2939 1002 2989 est

217 3044 244 3100 9.
268 3026 349 3083 Dum
368 3043 404 3084 ea
417 3024 460 3085 ibi
479 3023 610 3085 Romani
623 3035 738 3103 gerunt,
751 3025 976 3086 Antemnatium
995 3045 1075 3087 exer·

176 3119 251 3181 citus
278 3121 422 3182 hostiliter
446 3122 478 3181 in
501 3124 576 3182 fines
599 3124 753 3182 Romanos
775 3122 973 3184 incursionem
994 3123 1073 3185 facit.

176 3217 297 3296 Raptim
312 3231 341 3280 et
354 3220 394 3279 ad
408 3221 464 3281 hos
479 3222 619 3281 Romana
632 3218 710 3297 legio
724 3221 815 3281 ducta
824 3222 940 3298 palatos
954 3220 985 3280 in
998 3219 1074 3297 agris

176 3317 329 3396 oppressit
366 3317 436 3379 Fnsi
445 3317 533 3397 igitur
542 3317 639 3397 primo
650 3317 764 3396 impetu
775 3329 805 3379 et
815 3319 944 3380 clamore
954 3319 1075 3395 hostes3

174 3415 320 3494 oppidum
334 3426 472 3495 captum3
491 3416 663 3497 duplicique
674 3416 796 3478 victoria
810 3429 949 3481 ovantem
964 3418 1076 3476 Romu-
