2390 3838
167 262 203 302 10
375 256 441 301 THE
461 256 561 305 SEVEN
583 256 680 302 KINGS
701 257 741 301 OF
761 257 858 301 Romu.

208 410 252 474 15.
276 395 394 457 Incluta
405 394 520 474 justitia
532 394 696 475 religioque
710 416 746 458 ea
759 405 936 474 tempestate
956 398 1064 458 Numae

165 493 307 571 Pompilii
328 505 398 554 erat
442 495 572 556 Curibus
590 493 708 555 Sabinis
728 493 892 568 habitabat,
912 493 1066 555 consultis-

165 590 256 653 simus
269 592 322 665 vir,
333 602 367 652 ut
380 590 411 651 in
425 592 476 651 illa
484 591 643 669 quisquam
654 602 742 653 aetate
756 610 821 653 esse
834 600 957 670 poterat,
968 591 1066 652 omnis

165 686 258 749 divini
290 697 381 765 atque
407 687 530 748 humani
557 687 641 765 juris,
681 687 796 750 Audito
823 687 911 767 igitur
943 688 1066 750 nomine

166 788 281 858 Numae,
296 788 398 846 Patres
418 783 558 860 Romani,
575 805 757 864 quamquam
777 774 914 846 inclinari
932 806 1005 864 opes
1025 787 1067 846 ad

165 880 300 957 Sabinos,
315 903 384 962 rege
402 883 473 944 inde
493 893 623 962 sumpto,
642 881 827 956 videbantur,
844 893 955 958 tamen,
974 883 1068 944 nemi-

165 999 236 1040 nem
252 990 314 1041 tam
327 981 470 1059 praeclaro
483 982 621 1059 praeserre
634 978 698 1042 viro
710 979 784 1054 ausi,
795 980 836 1041 ad
850 1000 942 1040 unum
963 1000 1068 1041 omnes

166 1079 274 1138 Numae
288 1078 437 1156 Pompilio
450 1098 575 1158 regnum
587 1076 782 1139 deserendum
795 1078 967 1138 decernunt

209 1176 254 1236 16.
278 1174 347 1251 Qui,
361 1195 453 1255 regno
467 1175 509 1238 ita
522 1176 644 1254 potitus,
658 1176 763 1236 urbem
777 1194 896 1249 novam,
912 1173 1067 1235 conditam

165 1270 196 1332 vi
209 1282 240 1332 et
253 1272 350 1346 armis,
360 1276 426 1351 jure
440 1292 507 1334 eam
521 1274 698 1351 legibusque
708 1291 744 1332 ac
754 1271 887 1332 moribus
901 1272 940 1332 de
954 1272 1070 1350 integro

165 1370 296 1432 condere
309 1381 399 1448 parat
437 1369 553 1445 Quibus
564 1388 657 1446 quum
668 1370 746 1429 inter
755 1369 835 1428 bella
845 1388 1016 1430 assuescere
1029 1370 1071 1429 vi-

165 1467 250 1528 deret
263 1488 326 1528 non
335 1485 425 1544 posse
434 1465 560 1540 animos,
572 1465 770 1544 mitigandum
781 1467 913 1527 ferocem
922 1462 1069 1544 populum

164 1583 313 1624 armorum
327 1563 526 1625 desuetudine
540 1574 628 1638 ratus,
643 1565 755 1642 Janum
767 1561 898 1624 indicem
911 1562 994 1640 pacis
1007 1564 1070 1624 bel·

161 1660 247 1738 lique
267 1662 355 1722 fecit:
375 1673 494 1739 apertus
514 1673 547 1723 ut
568 1661 599 1721 in
620 1661 710 1722 armis
731 1679 797 1721 esse
818 1660 979 1737 civitatem,
994 1664 1072 1721 clau·

165 1777 215 1819 sus
232 1770 357 1835 pacatos
371 1760 450 1819 circa
463 1778 570 1819 omnes
583 1760 713 1836 populos
727 1757 916 1835 significaret.
960 1759 1071 1820 Clauso

167 1874 214 1930 eo,
227 1874 324 1933 agros,
339 1876 416 1935 quos
434 1858 517 1917 bello
536 1857 684 1917 Romulus
698 1865 827 1933 ceperat,
842 1854 944 1915 divisit
962 1855 1072 1916 viritim

166 1950 281 2014 civibus
291 1975 300 2029 3
321 1973 514 2031 amoremque
534 1953 577 2014 eis
597 1952 652 2015 otii
672 1963 702 2013 et
722 1950 804 2031 pacis
829 1950 941 2030 injecit,
963 1951 1072 2030 quibus

166 2049 309 2112 facillime
320 2050 436 2130 justitia
449 2063 479 2113 et
492 2053 567 2113 fides
581 2049 772 2124 convalescit,
788 2059 819 2109 et
832 2069 958 2128 quorum
976 2061 1074 2128 patro·

167 2142 250 2211 cinio
277 2150 406 2212 maxime
433 2151 531 2211 cultus
558 2169 694 2228 agrorum
716 2148 931 2226 perceptioque
958 2150 1073 2227 frugum

168 2247 345 2308 defenditur.
383 2249 479 2323 Idem,
491 2266 529 2307 ne
543 2245 759 2306 luxuriarentur
772 2243 836 2305 otio
848 2244 958 2304 civium
971 2243 1072 2312 animi,
1091 2238 1096 2245 ⁸

167 2343 292 2405 deorum
320 2355 433 2404 metum
460 2342 655 2420 injiciendum
682 2351 762 2400 ratus
796 2352 850 2400 est.
893 2341 953 2416 Qui
981 2360 1073 2418 quum

168 2442 352 2504 descendere
371 2443 413 2502 ad
426 2440 543 2502 animos
557 2438 622 2499 sine
635 2438 737 2515 aliquo
751 2447 923 2497 commento
940 2426 1074 2498 miraculi

168 2560 232 2601 non
252 2550 363 2618 posset,
380 2537 530 2599 simulavit
549 2537 606 2598 sibi
619 2556 688 2597 cum
702 2536 760 2595 dea
773 2534 881 2613 Egeria
898 2555 1074 2613 congressus

168 2647 331 2699 nocturnos
345 2656 410 2698 esse
424 2659 431 2696 :
453 2639 517 2715 ejus
531 2655 563 2696 se
576 2637 703 2708 monitu,
715 2653 783 2710 quae
797 2633 1004 2712 acceptissima
1017 2633 1074 2694 diis

168 2747 277 2809 essent,
298 2755 381 2796 sacra
400 2734 561 2795 instituere.
604 2736 705 2810 Atque
726 2729 860 2791 omnium
881 2731 1018 2809 primum,
1033 2732 1072 2791 ad

168 2853 286 2893 cursum
304 2834 391 2908 lunae,
405 2832 437 2893 in
455 2832 616 2892 duodecim
638 2849 756 2894 menses
775 2828 934 2907 descripsit
951 2849 1073 2890 annum.

170 2931 257 2991 Idem
271 2931 403 2991 nefastos
414 2930 478 2991 dies
486 2930 641 3007 fastosque
651 2929 731 3006 fecit,
744 2929 815 3010 quia
824 2927 986 3004 aliquando
1000 2926 1075 2987 nihil

169 3046 238 3087 cum
252 3027 366 3104 populo
377 3028 425 3105 agi
435 3026 508 3088 utile
520 3028 651 3087 futurum
665 3037 736 3089 erat
772 3029 860 3100 Tum,
873 3026 1076 3086 sacerdotibus

169 3123 305 3185 creandis
319 3124 441 3202 adjecto
450 3126 561 3200 animo,
572 3122 725 3186 flaminem
735 3123 806 3203 Jovi
819 3121 969 3183 assiduum
984 3141 1077 3183 sacer-

169 3222 274 3282 dotem
297 3219 409 3282 creavit
418 3242 428 3294 ;
455 3221 623 3300 insignique
643 3241 713 3282 eum
733 3232 818 3282 veste
846 3230 876 3280 et
896 3219 978 3297 regia
1004 3220 1077 3278 sella

169 3318 335 3381 adornavit.
378 3319 461 3381 Huic
479 3321 556 3381 duos
570 3319 705 3381 flamines
718 3320 847 3398 adjecit:
869 3315 961 3378 Marti
973 3335 1075 3390 unum,

171 3417 297 3479 alterum
320 3415 453 3494 Quirino.
496 3415 693 3498 virginesque
714 3420 817 3481 Vestae
837 3415 917 3497 legit,
932 3432 1006 3493 quas
1022 3412 1078 3474 vir·
