2390 3838
400 286 597 342 rrnqmurus
619 288 755 333 miscus
988 292 1024 350 23

122 427 176 502 qui
197 424 304 502 proelio
324 426 371 486 bis
391 425 456 500 susi,
471 426 593 503 perditis
612 429 674 505 jam
694 447 788 506 prope
808 430 904 502 rebus,
919 448 1025 506 pacem

123 523 243 601 petiere.

89 699 92 703 ¹
165 643 213 698 30.
237 625 320 684 Bello
345 623 456 685 Sabino
475 625 616 700 perfecto
642 623 820 702 Tarquinius
841 623 1026 702 triumphans

123 724 254 780 Romam
275 720 368 781 rediit.
413 721 489 781 Inde
511 720 624 781 Latinis
645 723 758 782 bellum
778 721 867 782 fecit:
888 723 939 782 ubi
960 742 1027 783 nus·

124 837 216 895 quam
236 820 275 878 ad
295 817 440 879 universae
454 817 495 878 rei
510 818 732 880 dimicationem
746 831 868 880 ventum
882 829 934 879 est.
977 819 1026 879 Ad
1095 864 1097 873 .

124 917 241 994 singula
275 917 387 995 oppida
417 917 651 979 circumferendo
679 937 768 992 arma,
793 938 882 978 omne
916 938 1026 990 nomen

126 1015 268 1075 Latinum
288 1015 412 1075 domuit.
465 1017 542 1075 Pace
573 1014 683 1075 deinde
703 1017 789 1089 sacta,
812 1017 916 1075 urbem
943 1036 1027 1077 muro

126 1114 254 1190 lapideo
270 1115 353 1191 cujus
376 1112 528 1173 exordium
543 1112 640 1190 operis
654 1112 765 1174 Sabino
784 1114 865 1173 bello
879 1115 1027 1190 turbatum

127 1222 200 1284 erat
226 1211 343 1288 cingere
367 1221 470 1288 parat:
496 1222 525 1270 et
551 1209 653 1269 infima
671 1210 752 1270 urbis
775 1212 841 1270 loca
862 1208 973 1270 cloacis
997 1214 1028 1270 in

128 1308 262 1369 Tiberim
283 1308 379 1369 ductis
401 1308 510 1368 siccat:
534 1318 564 1368 et
584 1327 683 1368 aream
704 1308 743 1367 ad
767 1309 863 1368 aedem
885 1307 916 1367 in
941 1307 1030 1385 Capi-

129 1408 203 1469 tolio
225 1408 317 1483 Jovis,
341 1425 430 1483 quam
452 1416 573 1467 voverat
595 1407 675 1467 bello
699 1405 819 1479 Sabino,
838 1407 900 1481 jam
926 1425 1030 1482 praesa-

128 1506 229 1582 giente
273 1504 375 1565 animo
416 1506 544 1563 futuram
585 1506 657 1564 olim
695 1504 921 1583 amplitudinem
962 1503 1029 1576 loci,

129 1611 258 1679 occupat
272 1601 479 1662 fundamentis.

171 1721 219 1776 31.
243 1702 288 1759 Eo
311 1710 444 1776 tempore
458 1703 489 1758 in
503 1697 582 1776 regia
595 1698 761 1777 prodigium
785 1699 849 1761 visu
864 1712 1031 1777 eventuque

129 1798 264 1860 mirabile
284 1798 345 1858 suit.
390 1801 486 1858 Puero
507 1797 671 1871 dormienti,
688 1797 735 1857 cui
752 1799 853 1858 Servio
868 1799 967 1859 Tullio
981 1818 1033 1859 no-

130 1918 202 1959 men
222 1896 286 1970 fuit,
301 1906 391 1971 caput
403 1896 508 1955 arsisse
527 1897 623 1968 ferunt
641 1896 800 1955 multorum
814 1896 845 1955 in
859 1907 1032 1974 conspectu.

131 1996 262 2058 Plurimo
273 1994 360 2073 igitur
369 1997 497 2054 clamore
508 1993 576 2053 inde
586 2004 651 2053 orto
660 1993 771 2054 excitos
781 2014 877 2071 reges:
900 2006 929 2054 et
941 2014 1033 2071 quum

131 2095 253 2173 quidam
274 2092 458 2154 familiarium
479 2110 587 2168 aquam
616 2092 654 2150 ad
676 2093 916 2168 restinguendum
937 2094 1033 2166 ferret,

132 2197 172 2254 ab
193 2192 293 2270 regina
314 2202 479 2251 retentum:
500 2190 663 2265 sedatoque
684 2207 750 2247 eam
771 2190 898 2250 tumultu
922 2188 1035 2250 moveri

132 2290 261 2353 vetuisse
282 2309 424 2366 puerum3
442 2290 540 2348 donec
554 2307 606 2347 sua
627 2296 733 2364 sponte
748 2297 933 2364 experrectus
947 2297 1032 2348 esset.

134 2392 210 2451 Mox
220 2408 296 2447 cum
313 2406 419 2447 somno
437 2397 467 2446 et
486 2387 634 2445 flammam
652 2382 766 2445 abiisse.
810 2388 887 2444 Tum
905 2387 1036 2447 abducto

133 2489 164 2547 in
180 2498 326 2548 secretum
341 2485 402 2545 viro
423 2485 578 2560 Tanaquil,
596 2482 730 2543 ‘Viden'
751 2493 782 2543 tu
796 2503 919 2560 puerum
938 2484 1036 2557 hunc,’

134 2585 240 2663 inquit,
269 2589 376 2661 ‘quem
403 2593 465 2642 tam
491 2581 595 2641 humili
623 2583 704 2642 cultu
732 2582 916 2641 educamus?
955 2579 1036 2641 Scire

135 2687 214 2757 licet,
235 2685 316 2742 hunc
335 2684 436 2740 lumen
458 2681 610 2756 quondam
631 2682 718 2740 rebus
739 2679 846 2740 nostris
868 2678 964 2738 dubiis
992 2680 1036 2738 fu·

136 2794 243 2854 turum,
271 2778 499 2856 praesidiumque
526 2777 614 2855 regiae
641 2778 777 2837 afflictae:
810 2775 935 2852 proinde
969 2796 1036 2836 eum

137 2880 220 2941 omni
240 2876 423 2955 indulgentia
444 2888 544 2936 nostra
564 2875 744 2936 nutriamus!
786 2876 892 2951 Itaque
913 2874 1037 2952 Tarqui·

137 2979 203 3039 nius
224 2997 346 3054 puerum
368 2976 399 3035 in
420 2995 535 3035 summa
548 2974 669 3034 caritate
685 2984 774 3050 atque
793 2973 906 3033 honore
924 2972 1036 3047 habuit,

138 3075 304 3152 erudiitque
324 3073 442 3147 artibus,
459 3074 565 3150 quibus
585 3071 705 3149 ingenia
722 3071 762 3131 ad
779 3091 895 3148 magnae
913 3073 1037 3132 fortunae

138 3177 251 3236 cultum
267 3172 437 3233 excitantur.
479 3169 601 3247 Juvenis
621 3167 713 3230 evasit
725 3156 794 3229 vere
808 3168 916 3229 indolis
930 3168 1037 3246 regiae:

138 3293 205 3346 nec,
220 3291 312 3349 quum
332 3281 509 3346 quaereretur
521 3288 611 3347 gener
624 3266 794 3344 Tarquinio,
809 3266 963 3344 quisquam
979 3269 1039 3326 Ro

138 3391 236 3431 manae
256 3370 416 3447 juventutis
440 3370 501 3427 ulla
524 3379 585 3428 arte
606 3367 731 3428 conferri
750 3365 866 3443 potuit:
888 3366 1039 3441 filiamque

141 3469 169 3531 ei
183 3489 266 3530 suam
280 3488 331 3529 rex
344 3467 512 3545 despondit.
