2390 3838
519 672 596 722 THE
688 704 694 711 .

104 859 339 959 §nunu
384 858 608 957 riuus
651 859 742 954 os
787 822 1004 957 nomn.

494 1106 630 1182 ψ,

151 1387 177 1427 1.
198 1366 327 1439 AEursns
347 1362 424 1425 filius
444 1363 585 1426 Anchisae
605 1375 635 1426 et
648 1362 782 1453 Veneris,
805 1365 898 1442 Troia
919 1367 1005 1442 capta

107 1464 201 1525 domo
214 1464 362 1541 profugus,
376 1461 472 1541 primo
486 1462 517 1523 in
533 1461 742 1524 Macedoniam
757 1461 845 1522 venit
883 1463 959 1533 Inde
973 1463 1005 1523 iu

106 1559 237 1622 Siciliam
248 1580 381 1638 quaerens
393 1561 479 1643 sedes
489 1561 607 1622 delatus
616 1572 668 1621 est
692 1562 742 1620 Ab
753 1559 852 1621 Sicilia
862 1561 956 1620 classe
966 1561 1006 1620 ad

13 1734 15 1741 γ
106 1661 287 1719 Laurentem
297 1678 399 1737 agrum
409 1657 566 1738 navigavit.
596 1659 697 1734 Quum
708 1657 832 1735 Trojani
843 1657 884 1718 ibi
899 1658 1007 1736 egressi

107 1758 241 1841 praedam
258 1776 295 1816 ex
313 1756 389 1834 agris
403 1767 533 1835 agerent,
550 1756 676 1817 Latinus
693 1776 746 1816 rex
759 1754 1005 1834 Aboriginesque,

108 1853 160 1933 qui
181 1864 245 1914 tum
264 1873 300 1915 ea
314 1856 459 1916 tenebant
472 1856 547 1929 loca,
562 1854 603 1914 ad
623 1854 784 1914 arcendam
798 1853 858 1913 vim
879 1854 1007 1915 advena·

107 1972 172 2012 rum
192 1950 297 2013 armati
316 1972 355 2011 ex
373 1954 448 2013 urbe
469 1963 559 2030 atque
574 1951 652 2029 agris
666 1962 852 2017 concurrunt
897 1952 1007 2012 Proelio

108 2048 349 2115 vietusLatinus
369 2070 476 2128 pacem
496 2069 564 2110 cum
578 2051 685 2123 AEnea
704 2048 814 2110 deinde
834 2046 1006 2108 affinitatem

15 2212 17 2217 ,
108 2146 215 2223 junxit,
230 2148 293 2209 filis
306 2147 333 2208 ei
348 2146 380 2207 in
393 2145 614 2209 matrimonium
628 2148 707 2208 data.
750 2148 795 2206 Ea
808 2165 855 2206 res
869 2145 1007 2222 Trojanis

110 2265 195 2323 spem
216 2245 341 2329 affirmat
365 2246 489 2307 tandem
507 2244 608 2307 stabili
629 2256 768 2322 certaque
793 2244 865 2305 sede
883 2242 1008 2304 finiendi

111 2341 222 2405 erroris
254 2342 409 2422 Oppidum
423 2343 566 2405 condunt
595 2345 710 2404 AEneas
720 2345 759 2404 ab
773 2341 895 2403 nomine
909 2343 1007 2402 uxoris

30 2424 33 2436 ¹
110 2440 268 2502 Lavinium
288 2443 428 2520 appellat
471 2440 558 2503 Brevi
577 2439 654 2502 filius
674 2452 762 2522 uatus
783 2451 836 2516 est,
855 2439 904 2500 cui
917 2441 1008 2500 Asca-

109 2537 192 2601 nium
205 2550 344 2617 parentes
357 2538 458 2602 dixere
471 2559 592 2601 nomen.
694 2564 698 2578 ³

110 2664 113 2669 ⁴
152 2658 176 2698 2.
201 2639 285 2701 Bello
298 2637 410 2700 deinde
423 2637 602 2717 Aborigines
615 2636 798 2715 Troianique
812 2637 900 2710 simul
913 2632 1007 2713 petiti.

110 2736 238 2819 simus,
252 2755 304 2815 reu
318 2737 506 2813 Rutulorum,
518 2734 566 2801 eui
579 2746 668 2814 pacta
677 2734 802 2795 Lavinia·
813 2744 883 2801 ante
900 2733 1010 2807 adven

111 2834 561 2912 tumAEneaefuerat‚praelatum
571 2832 629 2894 sibi
638 2833 784 2893 advenam
795 2850 871 2909 aegre
881 2828 1008 2907 patiens,

112 2929 198 3009 simul
210 2933 319 2993 AEneae
333 2929 502 3009 Latinoque
515 2931 629 3009 bellum
645 2929 753 2991 intulit:
797 2931 911 3013 Neutra
929 2926 1009 2989 acies

18 3020 20 3023 ’
109 3029 181 3089 laeta
203 3048 240 3104 ex
261 3049 300 3093 eo
323 3028 494 3107 certamine·
509 3028 591 3091 abiit·
633 3026 719 3089 Victi*
737 3026 840 3090 Rutuli
850 3049 862 3103 3
882 3026 1009 3099 victores

110 3123 289 3209 Aborigines
299 3126 482 3207 Troianique
494 3127 605 3189 ducem
616 3125 756 3189 Latinum
769 3125 901 3191 amisere.
932 3125 1010 3185 Inde

113 3225 229 3285 Turnus
241 3224 451 3305 Rutuliqueod
459 3221 597 3297 florentes
608 3227 797 3286 Etruscorum
807 3242 881 3301 opes
891 3224 1013 3283 Mezen·

109 3318 255 3404 finirique,-
266 3341 368 3385 eorum
381 3342 490 3403 regem,
502 3321 694 3415 confugiunt:
708 3321 760 3399 qui
771 3322 853 3383 haud
866 3317 1010 3398 gravatmr

111 3419 195 3503 sons
206 3439 290 3501 arma
303 3420 421 3502 Rutulis
431 3419 537 3513 jenua
569 3412 1010 3518 emsadvesnuntosstt

553 3533 572 3576 s
