2390 3838
965 169 980 200 ἢ

165 266 204 327 34
370 264 436 307 run
456 261 558 307 suurn
579 261 678 306 aruns
698 262 738 306 or
759 258 855 308 noua.

119 391 123 401 ⁴
164 403 247 466 testis
268 403 331 464 erit.
372 403 433 464 Sed
451 402 520 465 dato
537 402 654 462 dextras
671 402 830 480 fidemque,
850 403 930 463 haud
946 400 1069 480 impune

166 502 301 563 adultero
322 501 393 561 lore.
434 501 540 560 Sextus
562 510 608 559 est
629 498 815 577 Tarquinius,
831 498 882 577 qui
901 499 995 560 hostis
1015 519 1070 576 pro

166 597 284 675 hospite
297 596 395 674 priore
408 608 498 656 nocte
508 595 757 657 viarmatusmihi
767 595 893 673 sibique,
909 598 934 656 si
948 616 1002 657 vos
1016 596 1070 656 viri

166 695 245 767 estis,
260 693 431 772 pestiferum
444 692 513 753 hinc
527 692 649 753 abstulit
662 693 821 770 gaudium!
862 697 945 754 Dant
965 693 1073 755 ordine

166 812 270 853 omnes
297 791 407 852 tidem:
431 792 623 852 consolantur
642 810 752 869 aegram
780 790 880 863 animi,
906 791 1071 852 avertendo

167 909 278 950 noxam
292 891 331 949 ab
342 898 447 948 coacta
459 888 489 947 in
501 899 652 948 auctorem
661 887 762 948 delicti
771 910 781 963 3
794 899 926 949 mentem
936 908 1072 966 peccare,

142 1005 147 1019 ·
169 1005 231 1047 non
242 1007 351 1064 corpus
362 1008 372 1061 ;
385 997 415 1047 et
424 986 505 1046 unde
516 985 674 1046 consilium
686 985 820 1059 abfuerit,
830 988 946 1063 culpam
957 987 1071 1048 abesse.

171 1087 267 1158 ‘Vos‚’
286 1084 390 1162 inquit,
413 1083 557 1144 ‘videritis
578 1083 651 1160 quid
671 1083 714 1143 illi
742 1084 903 1144 debeatur:
931 1104 987 1161 ego
1014 1102 1073 1158 me,

169 1182 225 1247 etsi
245 1193 371 1261 peccato
390 1184 523 1256 absolvo,
539 1181 684 1259 supplicio
701 1201 764 1242 non
782 1181 885 1242 libero.
929 1185 996 1242 Nec
1012 1183 1075 1243 ulla

170 1279 280 1341 deinde
297 1279 449 1357 impudica
468 1278 614 1338 Lucretia
630 1280 767 1355 exemplo
787 1278 884 1340 vivet!
927 1281 1074 1351 Cultrum,

170 1396 260 1456 quem
275 1379 330 1437 sub
344 1375 720 1448 vesteabditumhabebat‚
732 1375 840 1435 eumin
856 1377 948 1437 corde
957 1375 1074 1454 deligit:

170 1472 369 1554 prolapsaque
378 1476 410 1533 in
424 1476 537 1547 vulnus,
549 1473 727 1534 moribunda
734 1473 851 1535 cecidit.
875 1478 1076 1536 Conclamant

170 1574 215 1632 vir
234 1583 386 1653 paterque.
430 1573 547 1644 Brutus,
568 1570 626 1631 illis
646 1573 728 1631 luctu
749 1572 910 1650 occupatis,
937 1575 1074 1647 cultrum,

171 1690 208 1731 ex
221 1671 342 1729 vulnere
356 1668 503 1729 Lucretia
515 1679 686 1742 extractum,
701 1681 873 1731 manantem
891 1691 995 1730 cruore
1014 1690 1076 1747 prae
1180 1736 1181 1755 χ

172 1768 205 1828 se
218 1779 332 1840 tenens,
349 1769 419 1827 ‘Per
431 1767 529 1838 hune‚'
539 1766 643 1842 inquit,
658 1766 866 1827 ‘castissimum
882 1778 952 1828 ante
966 1768 1077 1846 regiam
1180 1760 1181 1763 '

171 1860 309 1941 injuriam
320 1863 493 1941 sanguinem
501 1865 586 1940 juro;
598 1884 722 1941 vosque,
728 1864 777 1938 dii,
787 1876 878 1926 testes
886 1866 972 1939 facio,
983 1886 1032 1926 me
1042 1868 1075 1925 L.

175 1952 369 2040 Tarquinium
380 1964 554 2040 Superbum,
571 1982 639 2022 cum
654 1964 796 2025 scelerata
810 1965 938 2041 conjuge
952 1973 982 2022 et
996 1961 1081 2022 omni

176 2061 334 2122 liberorum
349 2048 448 2138 stirpe,
458 2061 543 2132 ten-0,
553 2059 614 2138 igni
629 2071 850 2121 exsecuturum:
872 2081 929 2121 nec
942 2061 1009 2121 illos
1021 2079 1081 2121 nec

177 2158 268 2218 aliurn
282 2176 463 2235 quemquam
475 2176 596 2234 regnare
611 2159 718 2217 Romae
731 2159 904 2234 passurum!
945 2159 1080 2231 Cultrum
1180 2228 1181 2233 η

177 2255 288 2316 deinde
302 2255 452 2316 Collatino
466 2254 555 2314 tradit
565 2275 575 2327 ;
584 2254 663 2314 {inde
677 2253 815 2315 Lucretio
829 2274 865 2314 ac
878 2256 1007 2329 Valerio,
1023 2267 1083 2315 stu-
1180 2244 1181 2303 l

177 2352 318 2430 pentibus
337 2353 479 2412 miraculo
499 2351 550 2425 rei,
571 2352 783 2413 undenorum
804 2352 835 2412 in
857 2352 937 2413 Bruti
959 2364 1083 2429 pectore

178 2449 337 2528 ingenium.
383 2451 428 2509 Ut
454 2459 638 2526 praeceptum
666 2460 737 2523 erat,
756 2452 875 2526 jurant:
904 2450 1021 2527 totique
1044 2451 1085 2511 ab

178 2548 260 2608 luctu
268 2545 344 2607 versi
357 2545 389 2606 in
403 2545 484 2620 iram,
501 2547 632 2619 Brutum,
642 2549 704 2623 jam
714 2546 785 2608 inde
799 2548 839 2608 ad
852 2549 1085 2626 expugnandum
1180 2580 1181 2585 1

177 2665 303 2724 regnum
315 2654 482 2717 vocantem,
498 2653 662 2719 sequuntur
674 2645 792 2705 ducem.

221 2765 268 2816 42.
295 2745 415 2803 Elatum
435 2743 530 2802 domo
544 2742 689 2802 Lucretiae
708 2761 816 2820 corpus
839 2743 870 2803 in
890 2745 985 2805 sorum
1007 2743 1085 2803 dele-

179 2852 256 2913 runt,
271 2840 469 2916 concientque
488 2838 640 2912 miraculo,
656 2851 689 2899 ut
707 2842 749 2916 fit,
765 2840 807 2901 rei
822 2860 910 2902 novae
930 2853 1020 2919 atque
1044 2839 1087 2900 in·
1180 2832 1181 2907 Q

179 2936 323 3016 dignitate
344 2939 501 2997 homines:
522 2955 576 3013 pro
598 2957 630 2998 se
651 2937 778 3014 quisque
799 2941 895 2999 scelus
915 2939 1029 3017 regium
1048 2957 1086 2997 ac

179 3035 239 3096 rim
261 3045 428 3111 queruntur.
472 3034 686 3094 Ferocissimus
707 3034 833 3113 quisque
852 3039 995 3112 juvenum
1015 3054 1085 3095 cum
1180 3062 1181 3065 ¹

180 3133 268 3195 armis
288 3129 471 3191 voluntarius
489 3133 591 3192 adest:
613 3133 746 3209 sequitur
766 3143 796 3193 et
815 3143 912 3193 cetera
934 3136 1083 3210 juventus,
1180 3134 1181 3181 ἲ

179 3230 264 3302 Inde,
280 3228 343 3307 pari
363 3228 501 3305 praesidio
514 3229 617 3289 relicto
632 3229 768 3291 Collatiae
782 3231 819 3290 ad
833 3242 940 3307 portas,
956 3230 1084 3291 eustodi-

180 3330 297 3404 busque
317 3327 403 3401 datis,
424 3347 463 3386 ne
484 3327 549 3404 quis
571 3347 640 3386 eum
660 3339 774 3386 motum
795 3327 911 3404 regibus
927 3330 1084 3398 nuntiaret,
1180 3338 1181 3343 ’

181 3426 271 3486 ceteri
291 3423 402 3500 armati,
426 3425 504 3486 duce
526 3428 624 3497 Bruto,
640 3425 769 3483 Romam
789 3424 920 3501 profecti.
965 3423 1028 3484 Ubi
1049 3444 1087 3485 eo
