2390 3838
439 295 541 339 ANCUS
562 296 709 341 MARCIUS.
901 303 903 306 '
986 306 1020 344 21

124 431 213 510 cepit.
266 432 394 493 Sublatis
416 433 515 511 itaque
535 437 624 496 rebus
652 436 846 517 commigrant
873 442 1002 501 Romam
1014 461 1023 514 3

122 533 180 590 rati
205 531 236 591 in
260 551 340 591 novo
362 535 484 609 populO,
506 533 559 593 ubi
580 535 676 609 ornnis
698 539 853 615 repentina
873 551 962 616 atque
988 560 1024 599 ex

122 627 235 688 virtute
256 628 395 689 nobilitas
417 630 462 703 sit,
484 631 613 690 futurum
638 635 737 693 locum
758 636 826 695 forti
848 656 884 695 ac
904 649 1023 696 strenuo

122 726 196 786 viro.
241 728 290 786 Ad
310 726 478 802 Janiculum
496 729 571 787 forte
585 742 706 790 ventum
728 743 796 792 erat.
841 733 890 794 Ibi
909 733 944 806 ei,
966 753 1025 793 car-

122 835 218 901 pento
241 824 356 884 sedenti
378 844 445 883 cum
469 844 568 900 uxore,
591 828 697 904 aquila,
719 833 870 907 suspensis
895 830 1024 891 demissa

122 920 231 981 leniter
249 921 313 995 alis,
334 923 445 998 pileum
464 924 574 983 aufert:
595 943 741 1002 superque
763 938 935 1005 carpentum
956 947 1025 987 cum

123 1038 236 1097 magno
257 1021 394 1096 clangore
407 1018 543 1092 volitans,
558 1041 664 1095 rursus,
680 1025 760 1084 velut
775 1025 937 1086 ministerio
953 1025 1024 1085 divi-

124 1116 205 1176 nitus
224 1116 322 1191 missa,
344 1116 434 1194 capiti
454 1128 523 1193 apte
544 1120 678 1196 reponit:
703 1121 773 1182 inde
792 1123 925 1183 sublimis
942 1123 1024 1184 abiit.

123 1213 287 1291 Accepisse
306 1214 337 1274 id
358 1213 511 1290 augurium
529 1216 598 1275 laeta
616 1217 723 1277 dicitur
744 1221 900 1297 Tanaquil,
922 1221 1024 1297 perita,

124 1323 159 1372 ut
193 1313 282 1390 vulgo
318 1313 443 1386 Etrusci,
473 1315 638 1376 caelestium
675 1316 876 1394 prodigiorum
909 1317 1023 1377 mulier.

126 1411 254 1471 Excelsa
275 1420 305 1469 et
325 1412 386 1470 alta
404 1431 522 1488 sperare
543 1413 699 1490 complexa
718 1413 812 1472 virum
831 1415 936 1490 jubet:
959 1434 1025 1473 eam

125 1508 226 1569 alitem
255 1510 379 1568 deorum
406 1511 540 1571 nuntiam
564 1511 680 1573 venisse
691 1533 699 1585 3
727 1531 849 1589 regnum
877 1531 1027 1589 magnam·

125 1626 185 1683 que
199 1608 347 1666 fortunam
365 1610 550 1683 portendere.
595 1611 662 1669 Has
684 1628 751 1685 spes
770 1609 1025 1687 cogitationesque

125 1723 228 1765 secum
250 1715 413 1780 portantes
432 1708 537 1766 urbem
562 1706 685 1783 ingressi
706 1719 774 1767 sunt
784 1730 793 1781 5
815 1708 1026 1784 domicilioque

125 1802 167 1862 ibi
182 1815 365 1879 comparato,
379 1804 411 1861 L.
428 1803 613 1880 Tarquinum
628 1803 761 1863 Priscum
773 1803 892 1864 edidere
906 1825 1025 1865 nomen.

128 1899 274 1961 Romanis
296 1902 493 1977 conspicuum
514 1922 582 1962 eum
603 1903 719 1961 novitas
745 1901 913 1979 divitiaeque
940 1902 1027 1962 sacie-

127 2001 221 2059 bant:
250 2008 279 2057 et
307 1996 371 2075 ipse
396 2000 543 2057 fortunam
568 1999 699 2075 benigno
723 2000 861 2076 alloquio,
888 1984 1028 2060 comitate

126 2096 280 2169 invitandi,
296 2096 518 2174 beneficiisque,
531 2117 606 2173 quos
620 2108 744 2174 poterat,
758 2097 814 2156 sibi
828 2098 1025 2173 conciliand0,

127 2197 307 2271 adjuvabam
328 2195 425 2253 donec
444 2192 475 2253 in
489 2194 599 2272 regiam
619 2213 738 2271 quoque
760 2196 798 2254 de
813 2214 849 2255 eo
870 2197 949 2254 fama
963 2215 1027 2272 per-

127 2296 188 2353 lata
212 2304 276 2352 est:
303 2291 499 2368 notitiamque
521 2313 586 2352 eam
613 2292 703 2366 brevi,
726 2294 806 2370 apud
823 2313 922 2371 regem
943 2295 1028 2354 liber-

127 2390 211 2450 aliter
224 2391 387 2466 dextreque
402 2391 544 2450 obeundo
559 2390 666 2463 officia,
681 2389 711 2449 in
726 2391 875 2464 familiaris
889 2392 1027 2453 amicitiae

127 2489 292 2548 adduxerat
311 2489 383 2564 jura,
407 2499 441 2547 ut
464 2487 592 2564 publicis
620 2491 785 2564 pariterue
807 2488 929 2565 privatis
957 2510 1027 2551 con·

128 2585 198 2645 siliis
212 2585 283 2645 belli
298 2584 439 2662 domique
454 2585 625 2646 interesset:
645 2597 683 2658 et,
699 2606 752 2663 per
766 2587 866 2645 omnia
880 2600 1025 2663 expertus,

100 2745 102 2748 ,
127 2696 277 2760 postremo
302 2693 380 2742 tutor
403 2682 491 2743 etiarn
514 2683 613 2744 liberis
641 2684 717 2760 regis
739 2695 918 2744 testamento
946 2683 1027 2744 insti·

129 2793 263 2843 tueretur.

168 2881 212 2938 28.
238 2876 385 2957 Regnavit
399 2882 502 2939 Ancus
524 2899 619 2940 annos
639 2890 777 2956 quattuor
799 2890 829 2939 et
842 2879 953 2957 viginti,
969 2881 1029 2940 cui-

127 2977 198 3037 libet
220 2977 402 3054 superiorum
427 2997 529 3053 regum
553 2978 624 3038 belli
646 2977 788 3055 pacisque
811 2990 840 3037 et
863 2979 973 3038 artibus
998 2991 1027 3040 et

126 3075 219 3153 gloria
239 3094 299 3152 par.
342 3078 410 3152 Jam
432 3075 483 3135 filii
506 3094 599 3152 prope
618 3077 760 3152 puberem
783 3087 901 3137 aetatem
927 3088 1025 3136 erant:

68 3240 81 3257 ,
127 3171 321 3249 Tarquinium
333 3184 432 3233 tamen
443 3172 555 3251 ingenti
568 3192 716 3231 consensu
731 3176 859 3249 populus
873 3177 1027 3253 Romanus

23 3277 30 3281 '
128 3290 249 3349 regnare
270 3270 363 3347 jussit.
409 3271 479 3346 Hic,
498 3290 560 3330 non
584 3290 683 3329 minus
705 3271 787 3348 regni
811 3273 856 3331 sui
881 3273 1027 3344 firmandi,

129 3389 218 3446 quam
236 3370 379 3446 augendae
400 3368 579 3446 reipublicae,
595 3388 717 3441 memor,
733 3382 853 3429 centum
873 3370 903 3429 in
925 3373 1027 3428 Patres

129 3467 217 3547 legit3
246 3467 296 3544 qui
318 3467 427 3528 deinde
455 3467 602 3529 minorum
625 3467 758 3545 gentium
781 3479 849 3528 sunt
871 3468 1026 3545 appellati:
1084 3495 1087 3502 ·
