2390 3838
379 253 573 309 TARQUINIUS
595 253 762 298 SUPERBUS.
979 260 1016 316 31

114 405 226 468 rentur,
235 395 293 455 hoc
307 394 387 454 velut
398 394 566 454 domestico
580 392 733 454 exterritus
746 393 819 468 visu,
831 396 967 473 Delphos
977 398 1017 457 ad

113 492 246 553 maxime
266 493 411 551 inclutum
427 490 457 550 in
480 492 563 551 terris
584 492 736 551 oraculum
759 491 876 553 mittere
895 494 1017 555 statuit:

112 609 216 667 neque
229 609 371 667 responsa
379 588 501 649 sortium
510 587 563 648 ulli
573 588 623 648 alii
634 588 820 650 committere
830 611 929 666 ausus,
940 593 1017 653 duos

112 688 192 749 filios
206 708 259 765 per
272 688 388 765 ignotas
403 706 439 748 ea
452 697 629 764 tempestate
644 699 743 762 terras,
756 687 901 766 ignotiora
915 690 1015 765 maria,

112 786 146 846 in
161 786 308 848 Graeciam
328 785 415 844 misit
459 783 545 844 Titus
567 795 597 844 et
610 786 709 844 Aruns
727 788 861 862 profecti.
905 790 1017 848 Comes

112 883 161 944 his
180 882 301 944 additus
322 885 356 942 L.
378 881 486 959 Junius
507 883 623 955 Brutus,
638 881 800 957 Tarquinia
820 903 920 944 sorore
940 884 1017 963 regis

112 993 212 1055 natus,
226 980 343 1057 juvenis
357 982 446 1057 longe
460 978 535 1039 alius
549 978 679 1056 ingenio,
695 998 785 1056 quam
802 983 887 1057 cujus
901 983 1018 1043 simula-

112 1081 229 1143 tionem
243 1080 386 1140 induerat.
410 1081 448 1151 Is,
458 1098 549 1155 quum
560 1077 703 1155 primores
717 1077 852 1153 civitatis,
864 1081 894 1139 in
910 1082 1017 1158 quibus

112 1180 233 1239 fratrem
248 1196 334 1237 suum
347 1179 387 1237 ab
400 1177 549 1236 avunculo
563 1174 749 1234 interfectum
763 1178 902 1251 audisset,
918 1199 1017 1256 neque

112 1277 147 1336 in
161 1275 263 1337 animo
281 1294 336 1335 suo
359 1274 517 1351 quicquam
539 1274 601 1350 regi
615 1271 789 1348 timendum,
805 1294 903 1352 neque
916 1277 946 1336 in
962 1279 1018 1338 for·

42 1378 44 1381 ’
113 1390 189 1437 tuna
199 1374 476 1452 concupiscendum
488 1373 654 1449 relinquere
663 1371 772 1446 statuit,
783 1384 1016 1452 contemptuque

114 1486 198 1536 tutus
212 1493 287 1546 esse,
302 1473 351 1533 ubi
368 1472 398 1532 in
411 1473 477 1548 jure
490 1489 595 1548 parum
612 1469 742 1547 praesidii
761 1485 846 1532 esset.
877 1475 956 1551 Ergo
979 1494 1018 1535 ex

113 1568 262 1631 industria
289 1569 384 1628 factus
410 1566 450 1625 ad
475 1563 673 1624 imitationem
697 1565 837 1639 stultitiae,
863 1549 955 1643 quum
983 1587 1016 1628 se

114 1685 229 1743 suaque
250 1665 359 1742 praedae
381 1681 446 1722 esse
466 1661 529 1739 regi
550 1660 667 1735 sineret,
691 1663 772 1721 Bmti
794 1682 914 1740 quoque
935 1667 1017 1726 haud

72 1779 77 1786 '
113 1765 220 1825 abnuit
231 1781 413 1842 cognomen:
427 1772 460 1821 ut
471 1761 527 1820 sub
536 1760 601 1835 ejus
612 1760 738 1820 obtentu
750 1762 937 1838 cognominis
945 1764 1017 1825 libe·

113 1873 196 1922 rator
217 1860 267 1921 ille
292 1859 395 1938 populi
420 1855 551 1918 Romani
573 1858 691 1917 animus
715 1858 811 1917 latens
834 1860 1018 1937 opperiretur

114 1969 252 2036 tempora
268 1976 330 2018 sua
374 1958 405 2016 Is
426 1968 488 2016 tum
509 1956 549 2014 ab
563 1953 733 2030 Tarquiniis
747 1956 854 2016 ductus
870 1960 1015 2036 Delphos,

114 2055 276 2117 ludibrium
290 2053 387 2114 verius
398 2071 613 2130 quamcornes,
625 2071 746 2112 aureum
761 2055 910 2128 baculum,
925 2056 1017 2116 inclu-

115 2174 182 2216 sum
191 2173 301 2214 corneo
312 2163 417 2212 cavato
425 2151 465 2211 ad
475 2149 506 2209 id
515 2151 632 2223 baculo,
645 2151 747 2210 tulisse
757 2151 869 2212 donum
880 2156 1015 2231 Apollini

115 2250 232 2325 dicitur,
242 2269 296 2328 per
305 2251 444 2326 ambages
453 2245 578 2325 effigiem
588 2245 696 2324 ingenii
705 2246 759 2306 sui.
778 2249 848 2324 Quo
857 2262 1015 2327 postquam

114 2361 239 2411 ventum
255 2359 307 2422 est,
326 2348 464 2426 perlectis
485 2344 576 2423 patris
590 2344 746 2421 mandatis,
763 2347 874 2424 cupido
894 2349 1016 2412 incessit

115 2447 232 2509 animos
250 2448 394 2523 juvenum
415 2442 593 2518 sciscitandi,
608 2444 648 2503 ad
662 2463 751 2521 quern
773 2466 875 2507 eorum
891 2469 1014 2527 regnum

115 2545 290 2607 Romanum
311 2554 390 2604 esset
411 2552 575 2603 venturum.
619 2543 665 2600 Ex
685 2541 789 2604 infimo
803 2564 895 2621 specu
908 2566 1013 2608 vocem
1045 2538 1048 2547 ’

114 2643 264 2704 redditam
274 2644 371 2702 terunt
383 2662 391 2699 ε
405 2637 586 2717 ‘Imperium
600 2658 748 2700 summum
760 2642 868 2702 Romae
881 2643 1014 2720 habebit,

116 2740 169 2818 qui
183 2751 313 2801 vestrum
328 2737 449 2816 primus,
465 2738 633 2813 ojuvenes‚
647 2739 783 2798 osculum
797 2740 883 2800 matri
898 2742 1016 2804 tulerit!

115 2835 279 2914 Tarquinii,
294 2848 328 2897 ut
341 2838 456 2910 Sextus,
468 2834 518 2913 qui
532 2837 640 2896 Romae
653 2834 772 2895 relictus
785 2837 887 2913 suerat,
897 2837 1015 2917 ignarus

114 2933 252 3013 responsi
263 2951 425 3012 expersque
437 2931 551 3011 imperii
560 2944 646 3003 esset,
653 2951 717 2993 rem
728 2951 843 2994 summa
851 2955 908 3012 ope
920 2940 1012 3002 taceri

114 3034 242 3111 jubent:
263 3033 321 3109 ipsi
334 3031 412 3092 inter
432 3050 473 3105 se,
488 3042 554 3091 uter
566 3029 655 3106 prior,
670 3049 762 3106 quum
777 3032 906 3093 Romam
924 3038 1015 3099 redis·

116 3142 192 3205 sent,
204 3131 290 3190 matri
299 3130 432 3190 osculum
442 3129 535 3202 daret,
545 3126 616 3188 sorti
625 3127 807 3206 permittunt
831 3132 944 3207 Brutus,
955 3135 1015 3198 alio

116 3239 198 3289 ratus
211 3238 345 3306 spectare
355 3224 511 3306 Pythicam
520 3245 636 3302 vocem,
644 3227 726 3289 velut
738 3227 763 3289 si
773 3231 927 3308 prolapsus
941 3233 1016 3294 ceci·

117 3324 220 3400 disset,
235 3335 343 3386 terram
357 3327 461 3385 osculo
482 3321 627 3402 contigit:
647 3323 768 3401 scilicet,
784 3329 866 3404 quod
887 3347 923 3389 ea
936 3348 1016 3391 corn.

118 3419 218 3483 munis
231 3428 327 3480 mater
339 3417 473 3479 omnium
487 3416 657 3479 mortalium
671 3429 757 3480 esset
786 3419 932 3481 Reditum
945 3420 1017 3486 inde
