2390 3838
176 236 211 312 16
281 210 283 216 Α
381 248 446 290 run
466 247 564 290 seven
585 245 680 290 runos
702 246 741 291 or
762 246 858 289 noun.

173 390 286 472 Orabat
299 385 417 460 deinde,
436 405 475 445 ne
496 404 536 460 se,
553 404 641 461 quem
654 385 756 462 paullo
775 396 845 446 ante
865 405 933 445 cum
954 385 1073 464 egregia

173 486 261 563 stirpe
276 483 508 562 conspexissent,
517 485 622 544 orbum
632 484 732 544 liberis
743 486 879 544 facerent
911 486 993 544 Inter
1005 485 1071 545 haec

130 589 132 593 ’
173 605 272 657 senex,
285 586 425 661 juvenem
445 584 606 659 amplexus,
621 582 717 660 spolia
736 582 934 643 Curiatiorum
954 585 1012 642 fixa
1033 567 1074 644 eo

172 685 249 757 loco,
275 680 326 759 qui
352 700 432 740 nunc
460 679 524 740 Pila
552 680 680 741 Horatia
705 681 877 758 appellatur,
906 691 1068 755 ostentans,

174 778 588 856 ‘Hunccine,’aiebat‚‘quem
596 779 1071 855 mododecoratumovantemque

172 877 294 938 victoria
313 876 502 937 incedentem
522 875 646 951 vidistis,
662 876 800 952 Quirites,
823 896 890 936 eum
912 879 967 937 sub
988 877 1070 937 furca

171 976 304 1036 vinctum
330 975 407 1035 inter
433 975 556 1035 verbera
577 986 608 1036 et
627 974 773 1035 cruciatus
793 973 894 1035 videre
922 974 1070 1051 potestis?

173 1076 198 1160 i,
213 1074 307 1147 lictor,
323 1072 430 1150 colliga
449 1091 563 1144 manus,
578 1090 645 1150 quae
665 1072 766 1148 paullo
786 1082 856 1132 ante
876 1083 997 1133 armatae
1016 1071 1069 1132 im-

172 1171 286 1252 perium
299 1173 412 1250 populo
427 1173 568 1232 Romano
581 1179 767 1247 pepererunt.
802 1171 828 1244 I,
843 1180 933 1246 caput
947 1171 1068 1231 obnube

172 1269 336 1331 liberatoris
347 1269 426 1331 urbis
435 1267 646 1347 hujuszarbori
655 1266 765 1328 infelici
773 1269 1070 1344 suspendezverbera

172 1370 220 1430 vel
234 1367 309 1428 intra
323 1369 508 1444 pomoerium,
521 1366 613 1426 modo
627 1364 703 1426 inter
712 1363 763 1424 illa
776 1364 837 1442 pila
852 1375 880 1424 et
894 1365 989 1442 spolia
1002 1366 1070 1426 hos·
1109 1434 1116 1439 ,

172 1466 264 1541 tium,
284 1467 332 1525 vel
348 1476 430 1527 extra
443 1465 629 1543 pomoerium,
643 1463 735 1523 modo
749 1463 824 1523 inter
838 1464 973 1541 sepulcra
986 1465 1069 1525 Curi·

172 1564 307 1625 atiorum.
349 1564 418 1638 Quo
441 1560 520 1623 enim
542 1561 650 1621 ducere
670 1562 751 1621 hunc
771 1563 911 1638 juvenem
933 1564 1067 1639 potestis,

172 1660 225 1722 ubi
238 1680 299 1721 non
313 1680 367 1720 sua
379 1661 489 1720 decora
501 1678 570 1718 eum
584 1678 603 1718 a
616 1668 698 1719 tanta
710 1657 845 1721 foeditate
858 1659 994 1736 supplicii
1007 1658 1068 1720 vin·

173 1759 312 1842 dicenti'
354 1760 426 1819 Non
446 1756 512 1816 tulit
525 1758 653 1834 populus
666 1776 724 1817 nec
743 1756 833 1834 patris
846 1744 996 1832 lacrimas,
1012 1777 1068 1819 nec

172 1856 264 1939 ipsius
273 1875 374 1934 parem
384 1855 416 1915 in
425 1853 509 1916 omni
518 1853 650 1932 periculo
660 1855 807 1917 animum:
819 1856 1070 1932 absolveruntque

172 1954 367 2017 admiratione
380 1951 474 2032 magis
487 1951 610 2027 virtutis,
626 1972 716 2030 quam
728 1954 799 2031 jure*
808 1972 912 2015 causae.

215 2075 261 2131 23.
285 2055 352 2115 Nec
372 2052 425 2114 diu
440 2071 500 2130 pax
512 2052 631 2113 Albana
644 2049 758 2117 mansit
803 2053 925 2127 Mettus,
940 2060 973 2113 ut
986 2049 1069 2128 prius

171 2150 204 2212 in
221 2151 301 2211 bello
314 2169 429 2228 pacem,
444 2147 487 2209 sic
500 2147 532 2211 in
543 2168 620 2226 pace
633 2149 745 2209 bellum
759 2167 901 2225 quaerens,
917 2147 987 2227 quia
1007 2168 1068 2210 suae

171 2247 283 2308 civitati
295 2246 461 2311 animorum
471 2248 547 2326 plus,
558 2265 649 2325 qnam
662 2244 777 2320 virium,
788 2249 928 2306 cernebat
942 2264 1016 2321 esse,
1027 2248 1068 2308 ad

171 2346 285 2423 bellum
302 2345 400 2422 palam
417 2343 583 2421 gerendum
602 2341 676 2403 alios
687 2340 821 2404 ‘concitat
840 2344 987 2419 populos:
1007 2343 1068 2405 suis
1117 2327 1123 2337 ’

170 2462 224 2528 per
232 2439 721 2519 speciemsocietatisproditiomm
729 2449 865 2501 reservat.
898 2439 1067 2515 Fidenates,
1152 2508 1156 2513 ,

170 2540 290 2601 colonia
308 2540 455 2613 Romana,
471 2535 646 2601 Veientibus
661 2536 750 2599 suciis
763 2536 880 2607 consilii
898 2537 1071 2615 assumptis,

170 2647 259 2717 pacto
281 2633 459 2697 transitionis
480 2635 664 2697 Albanorum
683 2633 723 2695 ad
743 2633 856 2699 bellum
875 2645 965 2712 atque
986 2655 1069 2701 arma
1145 2660 1148 2667 ’

169 2733 335 2796 incitantur.
378 2733 480 2810 Quum
500 2728 622 2795 Fidenae
638 2730 933 2810 aperte‘desoissent
952 2734 1066 2809 Tullus,

170 2834 268 2893 Metto
287 2830 476 2911 exercituque
494 2830 559 2908 eius
577 2829 616 2905 ab
629 2830 714 2891 Alba
726 2828 831 2903 accito,
845 2840 949 2897 contra
966 2831 1068 2893 hostes

169 2928 260 2990 ducit
303 2927 367 2990 Ubi
386 2919 670 3010 Anienem'transiit,
685 2926 725 2986 ad
737 2927 922 2988 confluentes
940 2929 1068 2991 collocat

169 3036 271 3105 eastra
317 3028 400 3087 Inter
420 3043 495 3086 eum
508 3025 608 3105 locum
628 3032 658 3089 et
679 3022 808 3091 Fidenas
828 3023 999 3089 Veientium
1020 3045 1069 3087 exa

169 3121 276 3211 ercitus
296 3122 431 3185 Tiberim
443 3119 604 3185 transierat.
648 3119 693 3185 Hi
705 3140 799 3199 prope
816 3121 927 3185 flumen
945 3133 1070 3187 tenuere·

168 3222 304 3298 dextrum
322 3239 433 3283 cornu:
451 3218 793 3297 in-sinistro·Fidenates
806 3219 929 3298 propius
948 3232 1066 3285 montet

169 3319 353 3405 consistunt,
383 3319 489 3381 Tullus
503 3308 647 3383 adversus
660 3314 818 3378 Veientem
836 3318 953 3379 hostem
969 3317 1068 3396 dirigit

169 3413 910 3511 suoszblbauoscontralegiouemfiEidenatjum
931 3416 1068 3489 collocat,
