2390 3838
190 259 206 298 2
391 255 457 298 THE
477 253 575 298 SEVEN
597 253 699 298 KINGS'
712 253 753 296 OF
773 252 870 299 Romu.

188 406 327 455 terrorem
340 405 373 454 ut
386 393 501 454 animos
509 390 706 470 Aboriginum
717 392 773 454 sibi
787 392 965 470 conciliaret,
975 412 1015 454 ne
1029 394 1085 454 sub

188 493 296 554 eodem
313 494 378 570 iure
399 493 503 567 solum,
519 491 572 552 sed
594 490 682 552 etiam
703 489 834 566 nomine,
849 511 953 553 omnes
974 500 1084 567 essent,

188 589 310 650 Latinos
337 599 492 667 utramque
515 599 635 668 gentem
656 591 824 668 appellavit
880 592 946 650 Nec
971 589 1084 650 deinde

187 686 363 766 Aborigines
377 685 514 765 Troianis
528 686 627 749 studio
640 708 676 749 ac
689 688 749 749 fide
761 708 830 767 erga
842 708 941 766 regem
953 690 1083 747 AEneam

188 805 321 846 cessere:
343 786 494 863 fretusque
513 783 560 845 his
580 784 687 851 animis
708 787 940 850 coalescentium
959 784 991 847 in
1018 783 1084 846 dies

185 880 281 962 magis
302 884 430 944 duorum
455 883 633 961 populorum
653 885 775 957 AEneas,
797 903 977 962 quamquam
1000 892 1085 943 tanta

188 980 295 1059 opibus
309 980 425 1041 Etruria
438 992 509 1055 erat,
523 992 556 1041 ut
569 983 633 1059 jam
645 1000 708 1041 non
719 992 809 1042 terras
824 983 921 1042 solum
936 982 989 1042 sed
1002 1000 1085 1041 mare

188 1077 277 1139 etiam
297 1098 351 1156 per
370 1088 465 1140 totam
485 1078 580 1140 Italiae
599 1077 825 1157 longitudinem,
843 1079 885 1139 ab
897 1077 1024 1156 Alpibus
1044 1079 1082 1139 ad

187 1177 293 1237 fretum
314 1175 453 1252 Siculum,
475 1178 555 1237 fama
574 1175 705 1237 nominis
725 1175 771 1238 sui
791 1175 951 1255 implesset,
972 1187 1082 1250 tamen,

188 1294 280 1351 quum
303 1274 452 1337 moenibus
471 1276 584 1336 bellum
607 1275 781 1355 propulsare
802 1286 913 1352 posset,
936 1273 968 1334 in
987 1271 1083 1339 aciem

188 1371 289 1451 copias
310 1371 419 1434 eduxit
462 1372 501 1455 Id
522 1371 659 1449 proelium
678 1373 784 1435 AEneae
804 1373 940 1433 ultimum
960 1391 1083 1451 operum

187 1469 355 1530 mortalium
378 1467 440 1530 fuit
483 1469 562 1531 Situs
591 1480 636 1532 est
658 1489 746 1548 super
769 1467 940 1529 Numicium
963 1471 1082 1531 fiumen.

145 1640 146 1643 Ἴ
187 1567 294 1647 Jovem
309 1566 476 1645 Indigetem
490 1563 589 1626 Latini
602 1566 761 1649 appellant
1190 1620 1191 1651 5

229 1683 255 1740 3.
279 1666 352 1725 Post
371 1666 492 1725 AEnean
509 1661 585 1725 iilius
606 1662 752 1725 Ascanius
774 1673 887 1743 regnat.
929 1664 970 1739 Is,
993 1663 1085 1725 abun·
1190 1654 1191 1703 l

188 1763 280 1822 dante
300 1759 416 1822 Lauinii
435 1760 632 1838 multitudine,
647 1763 751 1823 urbem
771 1761 857 1822 matri
877 1760 1011 1839 reliquit:
1032 1780 1085 1822 no·

188 1880 256 1920 vam
277 1859 341 1938 ipse
361 1859 450 1920 aliam
464 1862 519 1922 sub
533 1861 653 1921 Albano
668 1870 771 1921 monte
785 1857 920 1935 condidit
929 1881 938 1935 3
958 1879 1025 1937 quae
1044 1860 1084 1920 ab
1190 1884 1191 1917 ι

188 1956 246 2019 situ
268 1968 411 2036 porrectae
432 1957 464 2018 in
476 1957 576 2020 'dorso
599 1957 679 2020 urbis
700 1961 806 2037 Longa
825 1959 906 2018 Alba
927 1954 1082 2036 appellata
1190 1928 1191 2015 i

189 2056 296 2116 Silvius
316 2055 426 2117 deinde
445 2066 556 2135 regnat,
569 2054 691 2117 Ascanii
708 2054 795 2131 filius,
810 2075 881 2116 casu
901 2055 1032 2134 quodam
1052 2053 1085 2116 in
1190 2098 1191 2137 ζ

190 2151 270 2214 silvis
283 2164 377 2214 natus.
421 2156 453 2214 Is
462 2156 583 2215 AEnean
595 2153 719 2215 Silvium
733 2164 831 2217 creat:
847 2153 872 2214 is
886 2150 1086 2215 deiudeLati·

189 2269 261 2310 num
271 2249 401 2312 Silvium.
429 2251 479 2312 Ab
489 2270 526 2312 eo
537 2249 664 2312 coloniae
673 2252 787 2328 aliquot
797 2251 943 2312 deductae.
973 2248 1086 2327 Mansit
1190 2286 1191 2321 3

190 2345 286 2408 Silviis
299 2357 405 2425 postea
417 2345 556 2408 o'mnibus
569 2366 746 2426 cognomen,
758 2347 810 2427 qui
818 2349 906 2409 Albae
918 2356 1084 2425 regnarunt
1190 2362 1191 2413 t

190 2441 299 2506 Latino
321 2445 402 2504 Alba
424 2452 512 2519 ortus,
535 2444 616 2504 Alba
636 2446 721 2525 Atys,
746 2447 825 2523 Atye
850 2445 958 2522 Capys,
981 2434 1085 2523 Capye
1190 2472 1191 2505 t

191 2543 331 2620 capetus’
354 2542 469 2619 C³p⁸t⁰
493 2539 671 2618 Tiberim&
693 2539 796 2631 quiin
819 2543 944 2619 traiectu
965 2542 1085 2601 Albulae
1190 2516 1191 2589 i

190 2640 286 2700 amnis
306 2639 475 2700 submersus
495 2639 614 2700 celebre
626 2639 666 2700 ad
685 2650 820 2716 posteros
840 2658 952 2700 nomen
971 2636 1085 2699 flumini
1147 2639 1151 2644 ’

190 2734 282 2797 dedit
326 2735 459 2815 Agrippa
476 2728 548 2797 in'de
566 2733 699 2799 Tiberini
718 2736 815 2812 filius3
834 2747 903 2816 post
922 2734 1085 2815 Agrippam

191 2834 337 2895 Romulus
362 2833 479 2910 Silvius,
502 2853 522 2895 a
547 2844 631 2913 patre
656 2846 782 2913 accepto
810 2833 943 2913 imperio,
972 2844 1085 2913 regnat
1190 2834 1191 2837 ’

191 2928 350 3006 Aventino,
364 2930 487 2993 fulmine
507 2928 572 3010 ipse
590 2929 675 3007 ictus,
689 2950 812 3010 regnum
832 2949 887 3010 per
904 2950 1010 2993 manus
1030 2941 1086 2994 tra·

191 3025 282 3089 didite
295 3026 320 3089 is
330 3027 462 3107 sepultus
472 3031 503 3089 in
515 3048 553 3091 eo
561 3030 646 3106 colle,
656 3029 798 3108 qui'nunc
809 3039 855 3115 est
862 3049 930 3108 pars
941 3028 1086 3090 Romanae

191 3123 280 3202 urbis,
294 3144 463 3205 cognomen
476 3126 546 3189 colli
558 3124 635 3188 fecit
678 3129 775 3189 Proca
791 3125 902 3189 deinde
919 3136 1041 3206 regnat:
1061 3122 1086 3214 is
1190 3128 1191 3193 l

192 3223 380 3285 Numitorem
408 3234 501 3303 atque
526 3225 679 3285 Amulium
710 3234 800 3289 creat
849 3223 1005 3299 Numitori,
1037 3221 1087 3303 qui

191 3319 290 3401 stirpis
309 3320 455 3385 maximus
475 3333 546 3403 erat,
564 3341 689 3401 regnum
707 3332 855 3385 vetustum
874 3321 972 3385 Silviae
991 3318 1088 3400 gentis

190 3419 280 3500 legat
322 3421 392 3511 Plus
413 3431 515 3487 tamen
535 3423 582 3487 uis
602 3420 707 3507 potuit,
729 3441 820 3504 quam
839 3423 977 3487 voluntas
997 3417 1087 3503 patris
1176 3454 1179 3459 ·
