2390 3838
172 289 211 343 24
379 285 444 328 THE
464 283 563 327 SEVEN
584 281 681 325 KINGS
702 281 742 324 OF
764 280 860 323 ROME.

210 445 256 501 32.
280 423 616 500 Duodequadragesimo
637 422 728 481 ferme
749 440 837 494 anno,
860 438 896 479 ex
924 438 985 495 quo
1011 438 1077 496 reg-

168 540 238 582 nare
259 533 390 598 coeperat
410 518 597 596 Tarquinius,
612 538 675 579 non
695 520 776 595 apud
789 537 888 595 regem
902 517 1002 588 modu,
1018 516 1077 576 sed

168 621 249 696 apud
267 621 368 678 Patres
391 619 578 695 plebemque,
594 617 724 676 maximo
746 616 859 676 honore
882 616 940 684 Ser.
956 614 1074 674 Tullius

168 727 236 777 erat
280 718 358 775 Tum
373 715 450 774 Anci
463 714 516 774 filii
530 715 599 788 duo,
610 714 661 791 qui
672 733 789 790 semper
798 733 852 791 pro
866 712 1074 789 indignissimo

167 815 339 886 habuerant,
356 833 388 874 se
409 812 505 890 patrio
525 832 617 890 regno
639 811 742 872 tutoris
762 812 864 871 fraude
884 813 994 887 pulsos,
1015 809 1073 889 rati

168 931 206 971 ne
220 913 259 970 ab
273 910 439 987 Tarquinio
454 909 576 987 quidem
590 912 630 970 ad
644 929 676 969 se
689 908 850 969 rediturum
864 927 995 986 regnum,
1010 908 1073 985 regi

166 1008 287 1068 insidias
302 1021 415 1086 parant
453 1010 499 1067 Ex
513 1007 678 1085 pastoribus
692 1008 753 1068 duo
767 1005 946 1079 ferocissimi,
962 1004 1072 1066 delecti

165 1108 205 1167 ad
223 1106 345 1180 facinus,
360 1106 390 1165 in
411 1106 561 1167 vestibulo
574 1104 662 1183 regiae
676 1104 776 1182 specie
790 1106 860 1164 rixae
873 1105 904 1162 in
918 1123 950 1164 se
965 1123 1070 1164 omnes

164 1204 347 1281 apparitores
367 1204 464 1281 regios
485 1213 682 1265 convertunt:
702 1201 781 1277 inde,
805 1220 895 1279 quum
917 1203 1006 1261 ambo
1027 1220 1071 1260 re-

164 1303 241 1378 gem
253 1303 446 1378 appellarent,
461 1303 631 1377 clamorque
653 1320 754 1361 eorum
773 1299 891 1377 penitus
910 1300 940 1357 in
958 1298 1068 1376 regiam

164 1401 353 1476 pervenisset,
368 1400 465 1461 vocati
484 1401 524 1459 ad
537 1418 635 1475 regem
653 1410 787 1476 pergunt.
831 1398 931 1458 Primo
945 1409 1068 1475 uterque

163 1496 325 1571 vociferari,
341 1509 371 1557 et
392 1496 525 1557 certatim
540 1499 614 1556 alter
634 1495 717 1556 alteri
738 1499 925 1573 obstrepere:
948 1495 1068 1556 coerciti

163 1596 201 1654 ab
220 1593 330 1667 lictore,
347 1607 376 1655 et
393 1593 466 1671 jussi
480 1594 608 1654 invicem
623 1592 730 1667 dicere,
746 1594 867 1654 tandem
882 1592 1005 1671 obloqui
1019 1594 1069 1654 de·

163 1690 279 1753 sistunt.
333 1694 421 1752 Unus
448 1711 511 1752 rem
540 1711 575 1752 ex
604 1691 772 1769 composito
800 1691 918 1752 orditur.
967 1692 1068 1766 Quum

162 1790 295 1849 intentus
315 1789 346 1849 in
368 1809 437 1849 eum
458 1810 490 1849 se
510 1809 561 1850 rex
583 1801 663 1850 totus
684 1801 837 1863 averteret,
860 1791 934 1849 alter
960 1792 1068 1848 elatam

162 1887 289 1948 securim
309 1888 340 1947 in
361 1901 451 1966 caput
471 1887 600 1966 dejecit:
622 1890 785 1965 relictoque
805 1887 837 1947 in
855 1891 975 1948 vulnere
996 1889 1066 1962 telo,

163 1987 254 2046 ambo
288 2006 320 2047 se
347 1988 424 2046 foras
452 1986 582 2064 ejiciunt
636 1986 831 2063 Tarquinium
858 1984 1067 2045 moribundum

162 2102 254 2160 quum
276 2084 325 2161 qui
346 2084 424 2145 circa
445 2097 527 2146 erant
548 2085 741 2163 excepissent,
764 2084 830 2145 illos
851 2084 995 2162 fugientes
1016 2081 1067 2141 lic-

160 2191 239 2241 tores
254 2184 520 2259 compreheudunt.
564 2184 687 2243 Clamor
700 2182 771 2242 inde
782 2200 1002 2258 concursusque
1016 2201 1067 2258 po

159 2277 222 2355 puli
249 2279 418 2339 mirantium
447 2280 520 2356 quid
547 2279 590 2338 rei
617 2290 703 2339 esset
746 2280 895 2355 Tanaquil
922 2278 998 2337 inter
1022 2290 1066 2338 tu·

160 2378 287 2436 multum
314 2376 414 2437 claudi
440 2376 551 2454 regiam
572 2378 666 2452 jubet,
684 2379 809 2437 arbitros
831 2376 920 2453 ejicit.
963 2377 1065 2438 Servio

159 2490 284 2550 propere
298 2472 395 2533 accito
410 2492 502 2549 quum
515 2492 602 2550 paene
622 2492 800 2550 exsanguem
814 2471 908 2531 virum
922 2473 1067 2533 ostendis-

159 2581 213 2642 set,
235 2570 370 2631 dextram
398 2581 503 2631 tenens
523 2581 596 2644 orat,
618 2590 657 2630 ne
678 2570 802 2629 inultam
823 2581 949 2630 mortem
970 2571 1065 2631 soceri

159 2688 224 2730 esse
245 2667 329 2730 sinat.
374 2671 485 2728 ‘Tuum
505 2669 568 2740 est'
591 2667 695 2745 inquit,
713 2668 815 2743 ‘Servi
830 2668 855 2728 si
876 2667 920 2727 vir
940 2687 979 2740 es,
1002 2689 1064 2747 reg-

157 2785 245 2842 num,
259 2786 318 2826 non
334 2785 445 2840 eorum,
456 2765 507 2842 qui
518 2764 622 2826 alienis
632 2765 769 2826 manibus
779 2764 940 2842 pessimum
951 2764 1064 2828 facinus

154 2865 260 2923 secere.
288 2864 375 2941 Erige
384 2874 422 2939 te,
434 2864 568 2939 deosque
577 2863 669 2924 duces
680 2882 811 2940 sequere,
824 2863 873 2939 qui
885 2865 996 2923 clarum
1004 2865 1063 2926 hoc

157 2963 221 3022 fore
242 2973 332 3038 caput
352 2961 454 3023 divino
475 2961 627 3038 quondam
649 2961 825 3043 circumfuso
843 2961 904 3038 igni
924 2963 1064 3039 portend-

159 3068 252 3118 erunt.
290 3060 319 3116 N
321 3078 379 3117 unc
394 3070 423 3118 te
434 3060 484 3119 illa
498 3058 624 3119 caelestis
639 3057 748 3120 excitet
761 3059 898 3119 flamma:
922 3079 1002 3120 nunc
1016 3081 1062 3121 ex-

158 3154 323 3233 pergiscere
337 3175 413 3216 vere.
446 3159 484 3231 Et
498 3176 554 3217 nos
564 3156 709 3235 peregrini
717 3156 909 3234 regnavimus.
942 3159 1002 3234 Qui
1011 3158 1059 3232 sis,

159 3273 222 3314 non
242 3255 322 3314 unde
343 3265 430 3315 natus
449 3256 497 3328 sis,
513 3267 624 3333 reputa.
668 3255 698 3316 Si
713 3266 764 3315 tua
777 3274 808 3315 re
823 3256 920 3316 subita
938 3256 1061 3316 consilia

157 3360 283 3428 torpent,
295 3362 326 3410 at
340 3363 371 3411 tu
385 3370 452 3412 mea
466 3353 607 3429 sequere!
639 3353 739 3427 Quum
754 3354 866 3414 clamor
873 3352 1060 3431 impetusque

157 3446 354 3509 multitudinis
376 3448 425 3510 vix
448 3449 585 3513 sustineri
610 3462 721 3529 posset,
740 3472 777 3514 er
800 3451 950 3530 superiore
974 3461 1058 3529 parte
