2390 3838
456 279 701 324 ruruunuuuuu.
753 302 755 305 -
1012 283 1030 338 9

130 421 246 498 fragore
258 419 475 497 tonitribusque
489 431 550 482 tam
564 421 660 482 denso
674 439 773 499 regem
788 419 903 497 operuit
916 420 1029 499 nimb0,

133 528 166 578 ut
179 531 373 595 conspectum
383 522 446 596 ejus
455 518 594 580 concioni
601 520 761 580 abstulerit.
798 522 866 579 Nec
876 519 985 579 deinde
999 516 1030 603 in

53 654 56 665 ·
133 616 215 676 terris
238 618 385 677 Romulus
403 617 465 678 fuit.
510 621 648 678 Romana
663 619 767 695 pubes,
783 617 887 678 sedato
909 618 1032 678 tandem

130 732 251 790 pavore,
265 726 423 791 postquam
445 735 481 775 ex
497 725 558 776 tam
572 714 692 776 turbido
712 717 762 776 die
783 734 886 775 serena
907 727 937 775 et
955 725 1032 775 tran-

131 810 225 887 quilla
243 812 293 870 lux
311 813 405 887 rediit,
421 813 473 872 ubi
491 833 616 873 vacuam
630 813 732 872 sedem
751 811 861 890 regiam
880 811 961 885 vidit,
976 814 1032 873 etsi

130 907 201 968 satis
224 909 365 970 credebat
384 909 529 984 Patribus,
551 908 601 987 qui
621 908 754 986 proxime
776 920 925 983 steterant,
945 909 1033 969 subli—

130 1025 210 1066 mem
238 1017 354 1083 raptum
375 1009 527 1084 pro'cella3
554 1018 663 1081 tamen,
685 1008 766 1066 velut
790 1006 924 1067 orbitatis
950 1017 1032 1067 metu

130 1102 197 1178 icta,
208 1115 345 1164 maestum
357 1105 539 1182 aliquamdiu
550 1104 699 1165 silentium
708 1104 843 1165 obtinuit.
876 1104 1033 1178 Deinde,a

129 1201 234 1277 paucis
247 1201 334 1262 initio
348 1204 438 1278 sacto,
450 1205 540 1265 deum
555 1204 614 1264 deo
628 1212 739 1274 natum,
749 1221 857 1280 regem,
867 1213 1033 1287 parentem-

130 1316 189 1375 que
203 1299 285 1359 urbis
300 1302 447 1362 Romanae
462 1303 574 1362 salvere
588 1299 718 1360 universi
732 1301 894 1360 Romulum
907 1302 1032 1377 jubent:

130 1415 236 1472 pacem
252 1397 389 1474 precibus
410 1410 584 1476 exposcunt,
598 1397 642 1458 uti
659 1396 765 1458 volens
779 1396 929 1474 propitius
948 1416 1032 1457 suam

131 1513 249 1572 semper
270 1497 395 1573 sospitet
416 1496 596 1574 progeniem.
639 1498 688 1557 Sic
708 1495 887 1558 desiderium
910 1494 1032 1555 Romuli

129 1594 210 1668 apud
231 1595 351 1670 plebem
371 1594 600 1672 exercitumque,
619 1597 698 1656 facta
717 1597 777 1656 fide
795 1593 1031 1666 immortalitatis,

59 1711 62 1715 ’
129 1691 253 1750 lenitum
269 1700 321 1751 est

173 1809 218 1862 14.
242 1792 361 1849 Parrum
372 1789 490 1851 interim
498 1789 615 1852 animos
624 1803 774 1852 certamen
783 1793 865 1869 regni
874 1809 910 1850 ac
921 1790 1033 1867 cupido

128 1888 272 1946 versabat,
298 1874 436 1950 *Oriundi
450 1890 489 1948 ab
503 1888 620 1949 Sabinis
632 1888 676 1949 sui
687 1889 819 1966 corporis
829 1887 921 1948 creari
931 1906 1031 1964 regem

128 1984 278 2044 volebant
317 1985 449 2045 Romani
463 1996 576 2046 veteres
587 1985 775 2063 peregrinum
785 2005 885 2062 regem
896 2003 1033 2061 aspema-

128 2082 244 2141 bantur.
278 2084 384 2142 Timor
393 2081 503 2142 deinde
512 2084 615 2142 Patres
624 2081 958 2155 incessit,necivitatem
968 2080 1033 2142 sine

128 2177 261 2255 imperio,
273 2180 433 2240 exercitum
444 2179 509 2240 sine
518 2179 604 2253 duce,
614 2181 772 2239 multarum
781 2179 859 2239 circa
869 2176 1032 2239 civitatium

127 2274 245 2337 irritatis
260 2277 377 2353 animis,
391 2277 436 2338 vis
450 2277 550 2356 aliqua
565 2288 686 2338 externa
699 2278 869 2339 adoriretur.
913 2279 953 2337 Et
966 2294 1032 2337 esse

127 2373 214 2452 igitur
224 2375 346 2453 aliquod
357 2387 447 2454 caput
455 2378 615 2454 placebat;
629 2386 659 2437 et
669 2396 760 2437 nemo
769 2377 854 2436 alteri
865 2376 1031 2436 concedere

126 2474 158 2531 in
173 2473 305 2533 animum
316 2474 487 2535 inducebat
525 2463 573 2534 Ita
582 2494 646 2534 rem
656 2474 732 2535 inter
743 2495 774 2535 se
786 2486 906 2535 centum
918 2474 1031 2546 Patres

126 2572 233 2632 decem
252 2572 379 2633 decuriis
393 2572 488 2647 factis,
505 2570 687 2651 singulisque
701 2571 732 2631 in
747 2573 877 2651 singulas
896 2569 1031 2632 decurias

126 2669 241 2746 creatis,
272 2670 323 2748 qui
358 2690 481 2731 summae
514 2690 611 2730 rerum
646 2681 817 2748 praeessent,
845 2667 1029 2729 consociant.

127 2768 243 2828 Decem
262 2767 472 2846 imperitabant
481 2790 491 2843 ;
511 2788 588 2829 unus
602 2789 670 2829 cum
684 2767 848 2845 insignibus
867 2764 982 2843 imperii
1002 2775 1031 2826 et

125 2863 280 2926 lictoribus
300 2878 379 2927 erat:
402 2866 534 2943 quinque
554 2865 668 2926 diemm
683 2865 781 2942 spatio
800 2863 959 2924 finiebatur
978 2862 1032 2923 im-

125 2961 249 3038 perium,
262 2984 298 3024 ac
308 2984 362 3041 per
372 2984 478 3025 omnes
490 2963 521 3023 in
532 2964 636 3024 orbem
646 2963 726 3024 ibat:
741 2982 933 3040 annuumque
944 2961 1031 3023 inter-

124 3061 235 3119 vallum
253 3061 337 3139 regni
350 3061 412 3122 fuit
457 3062 496 3121 Id
509 3063 549 3121 ab
563 3080 604 3135 re,
620 3060 702 3137 quod
716 3078 797 3121 nunc
811 3079 930 3138 quoque
947 3069 1031 3120 tenet

123 3177 243 3231 nomen
271 3159 472 3237 interregnum
506 3158 696 3236 appellatum.
747 3159 885 3218 Fremere
920 3155 1029 3217 deinde

123 3257 219 3331 plebs,
235 3257 463 3334 multiplicatam
475 3255 655 3329 servitutem,
668 3266 787 3316 centum
799 3275 854 3333 pro
864 3274 925 3314 uno
936 3252 1029 3314 domi-

122 3372 178 3414 nos
202 3356 319 3414 factos:
339 3374 397 3416 nec
415 3355 491 3415 ultra
505 3353 562 3414 nisi
575 3373 684 3431 regem,
700 3364 730 3415 et
744 3356 782 3414 ab
797 3352 869 3431 ipsis
887 3361 1028 3425 creatum,

122 3450 305 3513 videbantur
318 3452 442 3532 passuri.
467 3484 471 3489 ·
