<?xml version="1.0" encoding="UTF-8"?>
<!DOCTYPE html PUBLIC "-//W3C//DTD XHTML 1.0 Transitional//EN"
    "http://www.w3.org/TR/xhtml1/DTD/xhtml1-transitional.dtd">
<html xmlns="http://www.w3.org/1999/xhtml" xml:lang="en" lang="en">
 <head>
  <title>
</title>
<meta http-equiv="Content-Type" content="text/html;charset=utf-8" />
  <meta name='ocr-system' content='tesseract 3.04.00' />
  <meta name='ocr-capabilities' content='ocr_page ocr_carea ocr_par ocr_line ocrx_word'/>
</head>
<body>
  <div class='ocr_page' id='page_1' title='image "./sevenkingsrome00wriggoog_0012.png"; bbox 0 0 2390 3838; ppageno 0'>
   <div class='ocr_carea' id='block_1_1' title="bbox 489 276 1013 343">
    <p class='ocr_par' dir='ltr' id='par_1_1' title="bbox 489 276 1013 343">
     <span class='ocr_line' id='line_1_1' title="bbox 489 276 1013 343; baseline 0.004 -21"><span class='ocrx_word' id='word_1_1' title='bbox 489 276 649 325; x_wconf 80' lang='lat' dir='ltr'><strong>Rouunus.</strong></span> <span class='ocrx_word' id='word_1_2' title='bbox 995 286 1013 343; x_wconf 81' lang='lat'><em>3</em></span> 
     </span>
    </p>
   </div>
   <div class='ocr_carea' id='block_1_2' title="bbox 7 407 1015 695">
    <p class='ocr_par' dir='ltr' id='par_1_2' title="bbox 7 407 1015 695">
     <span class='ocr_line' id='line_1_2' title="bbox 111 407 1015 513; baseline 0.004 -34"><span class='ocrx_word' id='word_1_3' title='bbox 111 429 165 480; x_wconf 88' lang='lat' dir='ltr'><strong>aut</strong></span> <span class='ocrx_word' id='word_1_4' title='bbox 181 419 360 480; x_wconf 87' lang='lat' dir='ltr'><strong>verecundia</strong></span> <span class='ocrx_word' id='word_1_5' title='bbox 378 416 479 481; x_wconf 85' lang='lat' dir='ltr'><strong>aetatis</strong></span> <span class='ocrx_word' id='word_1_6' title='bbox 523 420 614 480; x_wconf 92' lang='lat' dir='ltr'><strong>Pulso</strong></span> <span class='ocrx_word' id='word_1_7' title='bbox 628 421 724 513; x_wconf 86' lang='lat' dir='ltr'><strong>¹fratre,</strong></span> <span class='ocrx_word' id='word_1_8' title='bbox 738 407 875 482; x_wconf 77' lang='lat' dir='ltr'><strong>Amulius</strong></span> <span class='ocrx_word' id='word_1_9' title='bbox 894 434 997 500; x_wconf 86' lang='lat' dir='ltr'><strong>regnat</strong></span> <span class='ocrx_word' id='word_1_10' title='bbox 1006 446 1015 499; x_wconf 88' lang='lat'>;</span> 
     </span>
     <span class='ocr_line' id='line_1_3' title="bbox 7 514 1014 594; baseline 0.005 -17"><span class='ocrx_word' id='word_1_11' title='bbox 7 554 9 559; x_wconf 67' lang='lat'><strong>,</strong></span> <span class='ocrx_word' id='word_1_12' title='bbox 111 514 199 578; x_wconf 85' lang='lat' dir='ltr'><strong>addit</strong></span> <span class='ocrx_word' id='word_1_13' title='bbox 219 516 322 577; x_wconf 89' lang='lat' dir='ltr'><strong>sceleri</strong></span> <span class='ocrx_word' id='word_1_14' title='bbox 337 518 454 577; x_wconf 87' lang='lat' dir='ltr'><strong>scelus:</strong></span> <span class='ocrx_word' id='word_1_15' title='bbox 474 514 595 594; x_wconf 87' lang='lat' dir='ltr'><strong>stirpem</strong></span> <span class='ocrx_word' id='word_1_16' title='bbox 609 517 704 579; x_wconf 83' lang='lat' dir='ltr'><strong>fratris</strong></span> <span class='ocrx_word' id='word_1_17' title='bbox 717 517 832 580; x_wconf 86' lang='lat' dir='ltr'><strong>virilem</strong></span> <span class='ocrx_word' id='word_1_18' title='bbox 853 518 1014 582; x_wconf 86' lang='lat' dir='ltr'><strong>interimit:</strong></span> 
     </span>
     <span class='ocr_line' id='line_1_4' title="bbox 107 613 1014 695; baseline 0.003 -20"><span class='ocrx_word' id='word_1_19' title='bbox 107 613 208 675; x_wconf 85' lang='lat' dir='ltr'><strong>fratris</strong></span> <span class='ocrx_word' id='word_1_20' title='bbox 229 613 298 675; x_wconf 87' lang='lat' dir='ltr'><strong>filiae</strong></span> <span class='ocrx_word' id='word_1_21' title='bbox 314 615 410 675; x_wconf 90' lang='lat' dir='ltr'><strong>Rheae</strong></span> <span class='ocrx_word' id='word_1_22' title='bbox 427 614 535 690; x_wconf 84' lang='lat' dir='ltr'><strong>Silviae,</strong></span> <span class='ocrx_word' id='word_1_23' title='bbox 549 635 603 692; x_wconf 91' lang='lat' dir='ltr'><strong>per</strong></span> <span class='ocrx_word' id='word_1_24' title='bbox 623 615 753 694; x_wconf 89' lang='lat' dir='ltr'><strong>speciem</strong></span> <span class='ocrx_word' id='word_1_25' title='bbox 775 616 906 693; x_wconf 91' lang='lat' dir='ltr'><strong>honoris,</strong></span> <span class='ocrx_word' id='word_1_26' title='bbox 922 638 1014 695; x_wconf 90' lang='lat' dir='ltr'><strong>quum</strong></span> 
     </span>
    </p>
   </div>
   <div class='ocr_carea' id='block_1_3' title="bbox 109 711 1014 1475">
    <p class='ocr_par' dir='ltr' id='par_1_3' title="bbox 110 711 1014 889">
     <span class='ocr_line' id='line_1_5' title="bbox 110 711 1014 794; baseline 0.003 -21"><span class='ocrx_word' id='word_1_27' title='bbox 110 714 267 773; x_wconf 85' lang='lat' dir='ltr'><strong>Vestalem</strong></span> <span class='ocrx_word' id='word_1_28' title='bbox 302 731 368 772; x_wconf 91' lang='lat' dir='ltr'><strong>eam</strong></span> <span class='ocrx_word' id='word_1_29' title='bbox 395 711 523 791; x_wconf 87' lang='lat' dir='ltr'><strong>legisset,</strong></span> <span class='ocrx_word' id='word_1_30' title='bbox 555 724 700 791; x_wconf 85' lang='lat' dir='ltr'><strong>perpetua</strong></span> <span class='ocrx_word' id='word_1_31' title='bbox 731 713 898 793; x_wconf 88' lang='lat' dir='ltr'><strong>virginitate</strong></span> <span class='ocrx_word' id='word_1_32' title='bbox 930 736 1014 794; x_wconf 90' lang='lat' dir='ltr'><strong>spem</strong></span> 
     </span>
     <span class='ocr_line' id='line_1_6' title="bbox 110 810 350 889; baseline -0.004 -17"><span class='ocrx_word' id='word_1_33' title='bbox 110 821 214 889; x_wconf 87' lang='lat' dir='ltr'><strong>partus</strong></span> <span class='ocrx_word' id='word_1_34' title='bbox 236 810 350 871; x_wconf 85' lang='lat' dir='ltr'><strong>adimit.</strong></span> 
     </span>
    </p>

    <p class='ocr_par' dir='ltr' id='par_1_4' title="bbox 109 908 1014 1475">
     <span class='ocr_line' id='line_1_7' title="bbox 152 908 1012 989; baseline 0.003 -20"><span class='ocrx_word' id='word_1_35' title='bbox 152 926 179 983; x_wconf 89' lang='grc'><strong>4.</strong></span> <span class='ocrx_word' id='word_1_36' title='bbox 203 908 263 969; x_wconf 90' lang='lat' dir='ltr'><strong>Sed</strong></span> <span class='ocrx_word' id='word_1_37' title='bbox 277 909 450 983; x_wconf 90' lang='lat' dir='ltr'><strong>debebatur,</strong></span> <span class='ocrx_word' id='word_1_38' title='bbox 462 918 495 969; x_wconf 93' lang='lat' dir='ltr'><strong>ut</strong></span> <span class='ocrx_word' id='word_1_39' title='bbox 505 910 620 986; x_wconf 88' lang='lat' dir='ltr'><strong>opinor,</strong></span> <span class='ocrx_word' id='word_1_40' title='bbox 632 908 700 970; x_wconf 83' lang='lat' dir='ltr'><strong>fatis</strong></span> <span class='ocrx_word' id='word_1_41' title='bbox 714 919 806 971; x_wconf 87' lang='lat' dir='ltr'><strong>tantae</strong></span> <span class='ocrx_word' id='word_1_42' title='bbox 817 910 900 989; x_wconf 84' lang='lat' dir='ltr'><strong>origo</strong></span> <span class='ocrx_word' id='word_1_43' title='bbox 912 911 1012 987; x_wconf 89' lang='lat' dir='ltr'><strong>Urbis,</strong></span> 
     </span>
     <span class='ocr_line' id='line_1_8' title="bbox 109 1005 1012 1087; baseline 0.003 -21"><span class='ocrx_word' id='word_1_44' title='bbox 109 1005 291 1084; x_wconf 78' lang='lat' dir='ltr'><strong>maximique</strong></span> <span class='ocrx_word' id='word_1_45' title='bbox 305 1006 469 1067; x_wconf 91' lang='lat' dir='ltr'><strong>secundum</strong></span> <span class='ocrx_word' id='word_1_46' title='bbox 481 1007 605 1067; x_wconf 89' lang='lat' dir='ltr'><strong>deorum</strong></span> <span class='ocrx_word' id='word_1_47' title='bbox 615 1025 689 1083; x_wconf 91' lang='lat' dir='ltr'><strong>opes</strong></span> <span class='ocrx_word' id='word_1_48' title='bbox 698 1005 814 1085; x_wconf 89' lang='lat' dir='ltr'><strong>imperii</strong></span> <span class='ocrx_word' id='word_1_49' title='bbox 827 1007 1012 1087; x_wconf 90' lang='lat' dir='ltr'><strong>principium.</strong></span> 
     </span>
     <span class='ocr_line' id='line_1_9' title="bbox 109 1093 1014 1183; baseline 0.003 -20"><span class='ocrx_word' id='word_1_50' title='bbox 109 1093 251 1178; x_wconf 75' lang='lat' dir='ltr'><strong>Vestalis,</strong></span> <span class='ocrx_word' id='word_1_51' title='bbox 273 1105 353 1164; x_wconf 84' lang='lat' dir='ltr'><strong>facta</strong></span> <span class='ocrx_word' id='word_1_52' title='bbox 380 1123 417 1164; x_wconf 86' lang='lat' dir='ltr'><strong>ex</strong></span> <span class='ocrx_word' id='word_1_53' title='bbox 436 1096 544 1166; x_wconf 58' lang='lat' dir='ltr'><strong>&#39;Marte</strong></span> <span class='ocrx_word' id='word_1_54' title='bbox 566 1103 696 1181; x_wconf 88' lang='lat' dir='ltr'><strong>gravida,</strong></span> <span class='ocrx_word' id='word_1_55' title='bbox 719 1105 870 1182; x_wconf 89' lang='lat' dir='ltr'><strong>geminum</strong></span> <span class='ocrx_word' id='word_1_56' title='bbox 897 1118 1014 1183; x_wconf 93' lang='lat' dir='ltr'><strong>partum</strong></span> 
     </span>
     <span class='ocr_line' id='line_1_10' title="bbox 111 1200 1014 1280; baseline 0.001 -18"><span class='ocrx_word' id='word_1_57' title='bbox 111 1201 215 1263; x_wconf 89' lang='lat' dir='ltr'><strong>edidit.</strong></span> <span class='ocrx_word' id='word_1_58' title='bbox 259 1203 335 1278; x_wconf 89' lang='lat' dir='ltr'><strong>Quae</strong></span> <span class='ocrx_word' id='word_1_59' title='bbox 360 1201 412 1262; x_wconf 92' lang='lat' dir='ltr'><strong>ubi</strong></span> <span class='ocrx_word' id='word_1_60' title='bbox 439 1200 580 1280; x_wconf 86' lang='lat' dir='ltr'><strong>cognovit</strong></span> <span class='ocrx_word' id='word_1_61' title='bbox 602 1200 747 1276; x_wconf 88' lang='lat' dir='ltr'><strong>Amulius,</strong></span> <span class='ocrx_word' id='word_1_62' title='bbox 773 1203 958 1264; x_wconf 79' lang='lat' dir='ltr'><strong>sacerdotem</strong></span> <span class='ocrx_word' id='word_1_63' title='bbox 983 1202 1014 1263; x_wconf 93' lang='lat' dir='ltr'><strong>in</strong></span> 
     </span>
     <span class='ocr_line' id='line_1_11' title="bbox 109 1297 1013 1376; baseline 0.002 -17"><span class='ocrx_word' id='word_1_64' title='bbox 109 1298 279 1360; x_wconf 84' lang='lat' dir='ltr'><strong>custodiam</strong></span> <span class='ocrx_word' id='word_1_65' title='bbox 300 1297 372 1374; x_wconf 90' lang='lat' dir='ltr'><strong>dari,</strong></span> <span class='ocrx_word' id='word_1_66' title='bbox 392 1317 501 1376; x_wconf 91' lang='lat' dir='ltr'><strong>pueros</strong></span> <span class='ocrx_word' id='word_1_67' title='bbox 521 1298 554 1359; x_wconf 91' lang='lat' dir='ltr'><strong>in</strong></span> <span class='ocrx_word' id='word_1_68' title='bbox 567 1297 700 1359; x_wconf 91' lang='lat' dir='ltr'><strong>Tiberim</strong></span> <span class='ocrx_word' id='word_1_69' title='bbox 721 1297 800 1359; x_wconf 90' lang='lat' dir='ltr'><strong>mitti</strong></span> <span class='ocrx_word' id='word_1_70' title='bbox 818 1300 913 1376; x_wconf 88' lang='lat' dir='ltr'><strong>jussit.</strong></span> <span class='ocrx_word' id='word_1_71' title='bbox 955 1302 1013 1361; x_wconf 88' lang='lat' dir='ltr'><strong>Sed</strong></span> 
     </span>
     <span class='ocr_line' id='line_1_12' title="bbox 109 1387 1014 1475; baseline 0.002 -18"><span class='ocrx_word' id='word_1_72' title='bbox 109 1397 201 1472; x_wconf 81' lang='lat' dir='ltr'><strong>unda,</strong></span> <span class='ocrx_word' id='word_1_73' title='bbox 217 1387 312 1458; x_wconf 85' lang='lat' dir='ltr'><strong>scelus</strong></span> <span class='ocrx_word' id='word_1_74' title='bbox 333 1414 448 1475; x_wconf 84' lang='lat' dir='ltr'><strong>perosa,</strong></span> <span class='ocrx_word' id='word_1_75' title='bbox 463 1416 572 1474; x_wconf 87' lang='lat' dir='ltr'><strong>pueros</strong></span> <span class='ocrx_word' id='word_1_76' title='bbox 592 1396 624 1456; x_wconf 92' lang='lat' dir='ltr'><strong>in</strong></span> <span class='ocrx_word' id='word_1_77' title='bbox 645 1395 709 1474; x_wconf 86' lang='lat' dir='ltr'><strong>ripa</strong></span> <span class='ocrx_word' id='word_1_78' title='bbox 729 1396 871 1459; x_wconf 86' lang='lat' dir='ltr'><strong>destituit.</strong></span> <span class='ocrx_word' id='word_1_79' title='bbox 913 1399 1014 1459; x_wconf 82' lang='lat' dir='ltr'><strong>Vastae</strong></span> 
     </span>
    </p>
   </div>
   <div class='ocr_carea' id='block_1_4' title="bbox 110 1491 1115 1572">
    <p class='ocr_par' dir='ltr' id='par_1_5' title="bbox 110 1491 1115 1572">
     <span class='ocr_line' id='line_1_13' title="bbox 110 1491 1115 1572; baseline 0 -17"><span class='ocrx_word' id='word_1_80' title='bbox 110 1506 175 1555; x_wconf 90' lang='lat' dir='ltr'><strong>tum</strong></span> <span class='ocrx_word' id='word_1_81' title='bbox 201 1495 243 1554; x_wconf 68' lang='lat' dir='ltr'><strong>in*</strong></span> <span class='ocrx_word' id='word_1_82' title='bbox 260 1491 296 1554; x_wconf 91' lang='lat' dir='ltr'><strong>iis</strong></span> <span class='ocrx_word' id='word_1_83' title='bbox 324 1493 398 1555; x_wconf 92' lang='lat' dir='ltr'><strong>locis</strong></span> <span class='ocrx_word' id='word_1_84' title='bbox 427 1492 603 1554; x_wconf 90' lang='lat' dir='ltr'><strong>solitudines</strong></span> <span class='ocrx_word' id='word_1_85' title='bbox 627 1503 718 1555; x_wconf 86' lang='lat' dir='ltr'><strong>erant</strong></span> <span class='ocrx_word' id='word_1_86' title='bbox 767 1496 858 1556; x_wconf 91' lang='lat' dir='ltr'><strong>Forte</strong></span> <span class='ocrx_word' id='word_1_87' title='bbox 886 1495 1014 1572; x_wconf 87' lang='lat' dir='ltr'><strong>quadam</strong></span> <span class='ocrx_word' id='word_1_88' title='bbox 1105 1494 1115 1501; x_wconf 71' lang='grc'><em>’</em></span> 
     </span>
    </p>
   </div>
   <div class='ocr_carea' id='block_1_5' title="bbox 108 1590 1076 3611">
    <p class='ocr_par' dir='ltr' id='par_1_6' title="bbox 108 1590 1076 3529">
     <span class='ocr_line' id='line_1_14' title="bbox 110 1590 1015 1671; baseline 0.001 -18"><span class='ocrx_word' id='word_1_89' title='bbox 110 1594 181 1671; x_wconf 89' lang='lat' dir='ltr'><strong>lupa</strong></span> <span class='ocrx_word' id='word_1_90' title='bbox 199 1590 303 1653; x_wconf 88' lang='lat' dir='ltr'><strong>sitiens</strong></span> <span class='ocrx_word' id='word_1_91' title='bbox 323 1611 361 1653; x_wconf 86' lang='lat' dir='ltr'><strong>ex</strong></span> <span class='ocrx_word' id='word_1_92' title='bbox 373 1591 534 1667; x_wconf 89' lang='lat' dir='ltr'><strong>montibus,</strong></span> <span class='ocrx_word' id='word_1_93' title='bbox 551 1591 601 1668; x_wconf 90' lang='lat' dir='ltr'><strong>qui</strong></span> <span class='ocrx_word' id='word_1_94' title='bbox 622 1590 700 1652; x_wconf 86' lang='lat' dir='ltr'><strong>circa</strong></span> <span class='ocrx_word' id='word_1_95' title='bbox 720 1602 796 1667; x_wconf 89' lang='lat' dir='ltr'><strong>sunt,</strong></span> <span class='ocrx_word' id='word_1_96' title='bbox 812 1593 852 1652; x_wconf 91' lang='lat' dir='ltr'><strong>ad</strong></span> <span class='ocrx_word' id='word_1_97' title='bbox 872 1592 1015 1670; x_wconf 90' lang='lat' dir='ltr'><strong>puerilem</strong></span> 
     </span>
     <span class='ocr_line' id='line_1_15' title="bbox 110 1687 1015 1769; baseline 0.001 -18"><span class='ocrx_word' id='word_1_98' title='bbox 110 1689 242 1768; x_wconf 86' lang='lat' dir='ltr'><strong>vagitum</strong></span> <span class='ocrx_word' id='word_1_99' title='bbox 257 1709 375 1750; x_wconf 91' lang='lat' dir='ltr'><strong>cursum</strong></span> <span class='ocrx_word' id='word_1_100' title='bbox 389 1689 492 1767; x_wconf 86' lang='lat' dir='ltr'><strong>flexit;</strong></span> <span class='ocrx_word' id='word_1_101' title='bbox 512 1687 744 1769; x_wconf 85' lang='lat' dir='ltr'><strong>summissasque</strong></span> <span class='ocrx_word' id='word_1_102' title='bbox 760 1690 922 1752; x_wconf 83' lang='lat' dir='ltr'><strong>infantibus</strong></span> <span class='ocrx_word' id='word_1_103' title='bbox 936 1692 1015 1752; x_wconf 91' lang='lat' dir='ltr'><strong>adeo</strong></span> 
     </span>
     <span class='ocr_line' id='line_1_16' title="bbox 110 1787 1014 1865; baseline -0.001 -18"><span class='ocrx_word' id='word_1_104' title='bbox 110 1787 190 1849; x_wconf 89' lang='lat' dir='ltr'><strong>mitis</strong></span> <span class='ocrx_word' id='word_1_105' title='bbox 217 1787 345 1865; x_wconf 85' lang='lat' dir='ltr'><strong>praebuit</strong></span> <span class='ocrx_word' id='word_1_106' title='bbox 369 1806 523 1862; x_wconf 88' lang='lat' dir='ltr'><strong>mammas,</strong></span> <span class='ocrx_word' id='word_1_107' title='bbox 548 1796 582 1848; x_wconf 90' lang='lat' dir='ltr'><strong>ut</strong></span> <span class='ocrx_word' id='word_1_108' title='bbox 609 1806 676 1848; x_wconf 88' lang='lat' dir='ltr'><strong>eam</strong></span> <span class='ocrx_word' id='word_1_109' title='bbox 703 1788 805 1865; x_wconf 86' lang='lat' dir='ltr'><strong>lingua</strong></span> <span class='ocrx_word' id='word_1_110' title='bbox 831 1789 1014 1850; x_wconf 84' lang='lat' dir='ltr'><strong>lambentem</strong></span> 
     </span>
     <span class='ocr_line' id='line_1_17' title="bbox 109 1883 1015 1966; baseline 0 -20"><span class='ocrx_word' id='word_1_111' title='bbox 109 1904 220 1963; x_wconf 92' lang='lat' dir='ltr'><strong>pueros</strong></span> <span class='ocrx_word' id='word_1_112' title='bbox 239 1885 380 1964; x_wconf 87' lang='lat' dir='ltr'><strong>magister</strong></span> <span class='ocrx_word' id='word_1_113' title='bbox 398 1883 471 1963; x_wconf 85' lang='lat' dir='ltr'><strong>regii</strong></span> <span class='ocrx_word' id='word_1_114' title='bbox 490 1883 607 1963; x_wconf 89' lang='lat' dir='ltr'><strong>pecoris</strong></span> <span class='ocrx_word' id='word_1_115' title='bbox 628 1884 782 1947; x_wconf 90' lang='lat' dir='ltr'><strong>invenerit.</strong></span> <span class='ocrx_word' id='word_1_116' title='bbox 825 1887 875 1946; x_wconf 91' lang='lat' dir='ltr'><strong>Ab</strong></span> <span class='ocrx_word' id='word_1_117' title='bbox 897 1884 1015 1966; x_wconf 83' lang='lat' dir='ltr'><strong>e0,cui</strong></span> 
     </span>
     <span class='ocr_line' id='line_1_18' title="bbox 108 1982 1016 2057; baseline 0 -13"><span class='ocrx_word' id='word_1_118' title='bbox 108 2000 221 2045; x_wconf 90' lang='lat' dir='ltr'><strong>nomen</strong></span> <span class='ocrx_word' id='word_1_119' title='bbox 236 1984 378 2044; x_wconf 87' lang='lat' dir='ltr'><strong>Faustulo</strong></span> <span class='ocrx_word' id='word_1_120' title='bbox 391 1982 454 2057; x_wconf 87' lang='lat' dir='ltr'><strong>suit,</strong></span> <span class='ocrx_word' id='word_1_121' title='bbox 470 1983 510 2042; x_wconf 90' lang='lat' dir='ltr'><strong>ad</strong></span> <span class='ocrx_word' id='word_1_122' title='bbox 524 1983 640 2043; x_wconf 87' lang='lat' dir='ltr'><strong>stabula</strong></span> <span class='ocrx_word' id='word_1_123' title='bbox 654 1982 823 2043; x_wconf 87' lang='lat' dir='ltr'><strong>Laurentiae</strong></span> <span class='ocrx_word' id='word_1_124' title='bbox 839 1983 924 2043; x_wconf 83' lang='lat' dir='ltr'><strong>uxori</strong></span> <span class='ocrx_word' id='word_1_125' title='bbox 945 1985 1016 2045; x_wconf 92' lang='lat' dir='ltr'><strong>edu·</strong></span> 
     </span>
     <span class='ocr_line' id='line_1_19' title="bbox 110 2078 1015 2158; baseline -0.001 -16"><span class='ocrx_word' id='word_1_126' title='bbox 110 2080 200 2143; x_wconf 88' lang='lat' dir='ltr'><strong>candi</strong></span> <span class='ocrx_word' id='word_1_127' title='bbox 223 2081 276 2142; x_wconf 87' lang='lat' dir='ltr'><strong>lati</strong></span> <span class='ocrx_word' id='word_1_128' title='bbox 297 2092 387 2142; x_wconf 86' lang='lat' dir='ltr'><strong>sunt:</strong></span> <span class='ocrx_word' id='word_1_129' title='bbox 408 2078 550 2158; x_wconf 85' lang='lat' dir='ltr'><strong>appellati</strong></span> <span class='ocrx_word' id='word_1_130' title='bbox 574 2081 723 2140; x_wconf 90' lang='lat' dir='ltr'><strong>Romulus</strong></span> <span class='ocrx_word' id='word_1_131' title='bbox 746 2090 777 2140; x_wconf 92' lang='lat' dir='ltr'><strong>et</strong></span> <span class='ocrx_word' id='word_1_132' title='bbox 800 2082 924 2140; x_wconf 90' lang='lat' dir='ltr'><strong>Remus.</strong></span> <span class='ocrx_word' id='word_1_133' title='bbox 967 2083 1015 2142; x_wconf 85' lang='lat' dir='ltr'><strong>Ita</strong></span> 
     </span>
     <span class='ocr_line' id='line_1_20' title="bbox 110 2176 1013 2257; baseline 0 -17"><span class='ocrx_word' id='word_1_134' title='bbox 110 2178 212 2257; x_wconf 86' lang='lat' dir='ltr'><strong>geniti,</strong></span> <span class='ocrx_word' id='word_1_135' title='bbox 234 2177 336 2257; x_wconf 86' lang='lat' dir='ltr'><strong>itaque</strong></span> <span class='ocrx_word' id='word_1_136' title='bbox 357 2176 484 2252; x_wconf 90' lang='lat' dir='ltr'><strong>educati,</strong></span> <span class='ocrx_word' id='word_1_137' title='bbox 505 2197 597 2256; x_wconf 93' lang='lat' dir='ltr'><strong>quum</strong></span> <span class='ocrx_word' id='word_1_138' title='bbox 620 2176 750 2255; x_wconf 91' lang='lat' dir='ltr'><strong>primum</strong></span> <span class='ocrx_word' id='word_1_139' title='bbox 778 2176 910 2238; x_wconf 83' lang='lat' dir='ltr'><strong>adolevit</strong></span> <span class='ocrx_word' id='word_1_140' title='bbox 931 2188 1013 2254; x_wconf 87' lang='lat' dir='ltr'><strong>aetas,</strong></span> 
     </span>
     <span class='ocr_line' id='line_1_21' title="bbox 110 2274 1014 2355; baseline 0.001 -18"><span class='ocrx_word' id='word_1_141' title='bbox 110 2275 250 2337; x_wconf 87' lang='lat' dir='ltr'><strong>venando</strong></span> <span class='ocrx_word' id='word_1_142' title='bbox 258 2296 411 2355; x_wconf 85' lang='lat' dir='ltr'><strong>peragrare</strong></span> <span class='ocrx_word' id='word_1_143' title='bbox 421 2275 500 2337; x_wconf 89' lang='lat' dir='ltr'><strong>circa</strong></span> <span class='ocrx_word' id='word_1_144' title='bbox 509 2276 609 2337; x_wconf 83' lang='lat' dir='ltr'><strong>saltus.</strong></span> <span class='ocrx_word' id='word_1_145' title='bbox 632 2274 715 2336; x_wconf 92' lang='lat' dir='ltr'><strong>Hinc</strong></span> <span class='ocrx_word' id='word_1_146' title='bbox 723 2276 831 2337; x_wconf 92' lang='lat' dir='ltr'><strong>robore</strong></span> <span class='ocrx_word' id='word_1_147' title='bbox 841 2275 1014 2354; x_wconf 90' lang='lat' dir='ltr'><strong>corporibus</strong></span> 
     </span>
     <span class='ocr_line' id='line_1_22' title="bbox 111 2372 1013 2452; baseline 0.002 -18"><span class='ocrx_word' id='word_1_148' title='bbox 111 2372 277 2451; x_wconf 83' lang='lat' dir='ltr'><strong>animisque</strong></span> <span class='ocrx_word' id='word_1_149' title='bbox 298 2384 426 2452; x_wconf 90' lang='lat' dir='ltr'><strong>sumpto,</strong></span> <span class='ocrx_word' id='word_1_150' title='bbox 446 2375 509 2451; x_wconf 88' lang='lat' dir='ltr'><strong>jam</strong></span> <span class='ocrx_word' id='word_1_151' title='bbox 530 2391 593 2434; x_wconf 89' lang='lat' dir='ltr'><strong>non</strong></span> <span class='ocrx_word' id='word_1_152' title='bbox 613 2374 690 2435; x_wconf 83' lang='lat' dir='ltr'><strong>seras</strong></span> <span class='ocrx_word' id='word_1_153' title='bbox 710 2383 826 2434; x_wconf 90' lang='lat' dir='ltr'><strong>tantum</strong></span> <span class='ocrx_word' id='word_1_154' title='bbox 846 2373 1013 2445; x_wconf 87' lang='lat' dir='ltr'><strong>subsistere,</strong></span> 
     </span>
     <span class='ocr_line' id='line_1_23' title="bbox 110 2470 1014 2550; baseline -0.001 -17"><span class='ocrx_word' id='word_1_155' title='bbox 110 2471 164 2533; x_wconf 91' lang='lat' dir='ltr'><strong>sed</strong></span> <span class='ocrx_word' id='word_1_156' title='bbox 184 2470 217 2532; x_wconf 89' lang='lat' dir='ltr'><strong>in</strong></span> <span class='ocrx_word' id='word_1_157' title='bbox 235 2472 374 2547; x_wconf 80' lang='lat' dir='ltr'><strong>latrones,</strong></span> <span class='ocrx_word' id='word_1_158' title='bbox 388 2471 490 2550; x_wconf 84' lang='lat' dir='ltr'><strong>praeda</strong></span> <span class='ocrx_word' id='word_1_159' title='bbox 509 2481 641 2548; x_wconf 91' lang='lat' dir='ltr'><strong>onustos,</strong></span> <span class='ocrx_word' id='word_1_160' title='bbox 657 2470 785 2549; x_wconf 90' lang='lat' dir='ltr'><strong>impetus</strong></span> <span class='ocrx_word' id='word_1_161' title='bbox 804 2473 909 2533; x_wconf 85' lang='lat' dir='ltr'><strong>facere.</strong></span> <span class='ocrx_word' id='word_1_162' title='bbox 953 2471 1014 2548; x_wconf 87' lang='lat' dir='ltr'><strong>Qui</strong></span> 
     </span>
     <span class='ocr_line' id='line_1_24' title="bbox 111 2568 1013 2647; baseline 0.001 -18"><span class='ocrx_word' id='word_1_163' title='bbox 111 2569 234 2630; x_wconf 89' lang='lat' dir='ltr'><strong>tandem</strong></span> <span class='ocrx_word' id='word_1_164' title='bbox 257 2568 293 2629; x_wconf 92' lang='lat' dir='ltr'><strong>iis</strong></span> <span class='ocrx_word' id='word_1_165' title='bbox 321 2570 362 2629; x_wconf 93' lang='lat' dir='ltr'><strong>ob</strong></span> <span class='ocrx_word' id='word_1_166' title='bbox 389 2571 464 2629; x_wconf 91' lang='lat' dir='ltr'><strong>iram</strong></span> <span class='ocrx_word' id='word_1_167' title='bbox 485 2568 595 2646; x_wconf 84' lang='lat' dir='ltr'><strong>praedae</strong></span> <span class='ocrx_word' id='word_1_168' title='bbox 618 2568 736 2631; x_wconf 83' lang='lat' dir='ltr'><strong>amissae</strong></span> <span class='ocrx_word' id='word_1_169' title='bbox 757 2568 897 2644; x_wconf 87' lang='lat' dir='ltr'><strong>insidiati,</strong></span> <span class='ocrx_word' id='word_1_170' title='bbox 921 2589 1013 2647; x_wconf 91' lang='lat' dir='ltr'><strong>quum</strong></span> 
     </span>
     <span class='ocr_line' id='line_1_25' title="bbox 112 2650 1013 2745; baseline 0.002 -19"><span class='ocrx_word' id='word_1_171' title='bbox 112 2667 259 2728; x_wconf 93' lang='lat' dir='ltr'><strong>Romulus</strong></span> <span class='ocrx_word' id='word_1_172' title='bbox 280 2665 309 2726; x_wconf 90' lang='lat' dir='ltr'><strong>vi</strong></span> <span class='ocrx_word' id='word_1_173' title='bbox 330 2685 362 2727; x_wconf 92' lang='lat' dir='ltr'><strong>se</strong></span> <span class='ocrx_word' id='word_1_174' title='bbox 380 2666 572 2742; x_wconf 82' lang='lat' dir='ltr'><strong>defendisset,</strong></span> <span class='ocrx_word' id='word_1_175' title='bbox 594 2669 726 2726; x_wconf 91' lang='lat' dir='ltr'><strong>Remum</strong></span> <span class='ocrx_word' id='word_1_176' title='bbox 744 2685 871 2744; x_wconf 88' lang='lat' dir='ltr'><strong>cepere:</strong></span> <span class='ocrx_word' id='word_1_177' title='bbox 892 2650 1013 2745; x_wconf 83' lang='lat' dir='ltr'><strong>captum</strong></span> 
     </span>
     <span class='ocr_line' id='line_1_26' title="bbox 112 2762 1015 2843; baseline 0.004 -19"><span class='ocrx_word' id='word_1_178' title='bbox 112 2762 260 2826; x_wconf 92' lang='lat' dir='ltr'><strong>Numitori</strong></span> <span class='ocrx_word' id='word_1_179' title='bbox 281 2763 473 2826; x_wconf 84' lang='lat' dir='ltr'><strong>tradiderunt</strong></span> <span class='ocrx_word' id='word_1_180' title='bbox 515 2764 576 2825; x_wconf 89' lang='lat' dir='ltr'><strong>Sed</strong></span> <span class='ocrx_word' id='word_1_181' title='bbox 598 2762 758 2839; x_wconf 92' lang='lat' dir='ltr'><strong>Numitori,</strong></span> <span class='ocrx_word' id='word_1_182' title='bbox 783 2784 875 2843; x_wconf 91' lang='lat' dir='ltr'><strong>quum</strong></span> <span class='ocrx_word' id='word_1_183' title='bbox 896 2765 928 2824; x_wconf 91' lang='lat' dir='ltr'><strong>in</strong></span> <span class='ocrx_word' id='word_1_184' title='bbox 949 2785 1015 2828; x_wconf 93' lang='lat' dir='ltr'><strong>cus·</strong></span> 
     </span>
     <span class='ocr_line' id='line_1_27' title="bbox 111 2852 1014 2939; baseline 0.004 -17"><span class='ocrx_word' id='word_1_185' title='bbox 111 2859 194 2923; x_wconf 84' lang='lat' dir='ltr'><strong>todia</strong></span> <span class='ocrx_word' id='word_1_186' title='bbox 217 2863 348 2923; x_wconf 90' lang='lat' dir='ltr'><strong>Remum</strong></span> <span class='ocrx_word' id='word_1_187' title='bbox 371 2859 573 2939; x_wconf 81' lang='lat' dir='ltr'><strong>interrogaret,</strong></span> <span class='ocrx_word' id='word_1_188' title='bbox 598 2859 694 2939; x_wconf 84' lang='lat' dir='ltr'><strong>tetigit</strong></span> <span class='ocrx_word' id='word_1_189' title='bbox 718 2852 850 2922; x_wconf 85' lang='lat' dir='ltr'><strong>animuin</strong></span> <span class='ocrx_word' id='word_1_190' title='bbox 871 2863 1014 2926; x_wconf 87' lang='lat' dir='ltr'><strong>memoria</strong></span> 
     </span>
     <span class='ocr_line' id='line_1_28' title="bbox 111 2946 1076 3038; baseline 0.002 -18"><span class='ocrx_word' id='word_1_191' title='bbox 111 2969 272 3038; x_wconf 87' lang='lat' dir='ltr'><strong>nepotum:</strong></span> <span class='ocrx_word' id='word_1_192' title='bbox 286 2958 526 3036; x_wconf 86' lang='lat' dir='ltr'><strong>sciscitandoque</strong></span> <span class='ocrx_word' id='word_1_193' title='bbox 541 2977 578 3019; x_wconf 93' lang='lat' dir='ltr'><strong>eo</strong></span> <span class='ocrx_word' id='word_1_194' title='bbox 592 2959 714 3019; x_wconf 90' lang='lat' dir='ltr'><strong>demum</strong></span> <span class='ocrx_word' id='word_1_195' title='bbox 727 2946 871 3036; x_wconf 68' lang='lat' dir='ltr'><strong>pervenit,</strong></span> <span class='ocrx_word' id='word_1_196' title='bbox 886 2970 920 3021; x_wconf 93' lang='lat' dir='ltr'><strong>ut</strong></span> <span class='ocrx_word' id='word_1_197' title='bbox 932 2961 1012 3023; x_wconf 87' lang='lat' dir='ltr'><strong>haud</strong></span> <span class='ocrx_word' id='word_1_198' title='bbox 1074 2977 1076 2981; x_wconf 76' lang='grc'>’</span> 
     </span>
     <span class='ocr_line' id='line_1_29' title="bbox 110 3056 1013 3137; baseline 0.003 -20"><span class='ocrx_word' id='word_1_199' title='bbox 110 3058 213 3136; x_wconf 88' lang='lat' dir='ltr'><strong>procul</strong></span> <span class='ocrx_word' id='word_1_200' title='bbox 234 3068 321 3132; x_wconf 89' lang='lat' dir='ltr'><strong>esset,</strong></span> <span class='ocrx_word' id='word_1_201' title='bbox 343 3056 415 3135; x_wconf 91' lang='lat' dir='ltr'><strong>quin</strong></span> <span class='ocrx_word' id='word_1_202' title='bbox 436 3059 567 3118; x_wconf 90' lang='lat' dir='ltr'><strong>Remum</strong></span> <span class='ocrx_word' id='word_1_203' title='bbox 587 3066 771 3135; x_wconf 85' lang='lat' dir='ltr'><strong>agnosceret.</strong></span> <span class='ocrx_word' id='word_1_204' title='bbox 812 3060 861 3118; x_wconf 89' lang='lat' dir='ltr'><strong>Ita</strong></span> <span class='ocrx_word' id='word_1_205' title='bbox 880 3058 1013 3137; x_wconf 88' lang='lat' dir='ltr'><strong>undique</strong></span> 
     </span>
     <span class='ocr_line' id='line_1_30' title="bbox 110 3153 1012 3234; baseline 0.001 -19"><span class='ocrx_word' id='word_1_206' title='bbox 110 3153 172 3234; x_wconf 84' lang='lat' dir='ltr'><strong>regi</strong></span> <span class='ocrx_word' id='word_1_207' title='bbox 185 3155 273 3218; x_wconf 91' lang='lat' dir='ltr'><strong>dolus</strong></span> <span class='ocrx_word' id='word_1_208' title='bbox 285 3156 421 3217; x_wconf 87' lang='lat' dir='ltr'><strong>nectitur.</strong></span> <span class='ocrx_word' id='word_1_209' title='bbox 464 3155 613 3218; x_wconf 87' lang='lat' dir='ltr'><strong>Romulus</strong></span> <span class='ocrx_word' id='word_1_210' title='bbox 626 3173 696 3216; x_wconf 91' lang='lat' dir='ltr'><strong>cum</strong></span> <span class='ocrx_word' id='word_1_211' title='bbox 714 3153 893 3233; x_wconf 86' lang='lat' dir='ltr'><strong>quibusdam</strong></span> <span class='ocrx_word' id='word_1_212' title='bbox 913 3167 1012 3234; x_wconf 88' lang='lat' dir='ltr'><strong>pasto-</strong></span> 
     </span>
     <span class='ocr_line' id='line_1_31' title="bbox 110 3250 1013 3332; baseline 0 -19"><span class='ocrx_word' id='word_1_213' title='bbox 110 3251 191 3315; x_wconf 88' lang='lat' dir='ltr'><strong>nbus</strong></span> <span class='ocrx_word' id='word_1_214' title='bbox 211 3252 252 3314; x_wconf 87' lang='lat' dir='ltr'><strong>ad</strong></span> <span class='ocrx_word' id='word_1_215' title='bbox 269 3272 370 3332; x_wconf 84' lang='lat' dir='ltr'><strong>regem</strong></span> <span class='ocrx_word' id='word_1_216' title='bbox 383 3252 528 3332; x_wconf 91' lang='lat' dir='ltr'><strong>impetum</strong></span> <span class='ocrx_word' id='word_1_217' title='bbox 541 3250 634 3314; x_wconf 88' lang='lat' dir='ltr'><strong>facit:</strong></span> <span class='ocrx_word' id='word_1_218' title='bbox 654 3261 717 3315; x_wconf 87' lang='lat' dir='ltr'><strong>eta</strong></span> <span class='ocrx_word' id='word_1_219' title='bbox 734 3254 828 3315; x_wconf 89' lang='lat' dir='ltr'><strong>domo</strong></span> <span class='ocrx_word' id='word_1_220' title='bbox 844 3253 1013 3315; x_wconf 85' lang='lat' dir='ltr'><strong>Numitoris</strong></span> 
     </span>
     <span class='ocr_line' id='line_1_32' title="bbox 111 3349 1010 3430; baseline -0.003 -17"><span class='ocrx_word' id='word_1_221' title='bbox 111 3349 169 3413; x_wconf 85' lang='lat' dir='ltr'><strong>alia</strong></span> <span class='ocrx_word' id='word_1_222' title='bbox 194 3363 367 3430; x_wconf 86' lang='lat' dir='ltr'><strong>comparata</strong></span> <span class='ocrx_word' id='word_1_223' title='bbox 392 3370 485 3413; x_wconf 85' lang='lat' dir='ltr'><strong>manu</strong></span> <span class='ocrx_word' id='word_1_224' title='bbox 511 3350 635 3428; x_wconf 85' lang='lat' dir='ltr'><strong>adjuvat</strong></span> <span class='ocrx_word' id='word_1_225' title='bbox 662 3352 784 3414; x_wconf 85' lang='lat' dir='ltr'><strong>Remus.</strong></span> <span class='ocrx_word' id='word_1_226' title='bbox 836 3354 885 3411; x_wconf 86' lang='lat' dir='ltr'><strong>Ita</strong></span> <span class='ocrx_word' id='word_1_227' title='bbox 911 3369 1010 3429; x_wconf 85' lang='lat' dir='ltr'><strong>regern</strong></span> 
     </span>
     <span class='ocr_line' id='line_1_33' title="bbox 112 3447 1061 3529; baseline -0.001 -18"><span class='ocrx_word' id='word_1_228' title='bbox 112 3448 297 3512; x_wconf 80' lang='lat' dir='ltr'><strong>obtrtmcant</strong></span> <span class='ocrx_word' id='word_1_229' title='bbox 340 3447 488 3526; x_wconf 88' lang='lat' dir='ltr'><strong>Numitor,</strong></span> <span class='ocrx_word' id='word_1_230' title='bbox 509 3458 671 3529; x_wconf 86' lang='lat' dir='ltr'><strong>postquam</strong></span> <span class='ocrx_word' id='word_1_231' title='bbox 695 3449 830 3528; x_wconf 86' lang='lat' dir='ltr'><strong>juvenes</strong></span> <span class='ocrx_word' id='word_1_232' title='bbox 843 3457 1011 3527; x_wconf 79' lang='lat' dir='ltr'><strong>perpetrata</strong></span> <span class='ocrx_word' id='word_1_233' title='bbox 1053 3450 1061 3465; x_wconf 81' lang='lat'><strong><em>‘</em></strong></span> 
     </span>
    </p>

    <p class='ocr_par' dir='ltr' id='par_1_7' title="bbox 537 3561 589 3611">
     <span class='ocr_line' id='line_1_34' title="bbox 537 3561 589 3611; baseline 0.058 -3"><span class='ocrx_word' id='word_1_234' title='bbox 537 3561 557 3608; x_wconf 83' lang='lat' dir='ltr'><strong>tt</strong></span> <span class='ocrx_word' id='word_1_235' title='bbox 571 3564 589 3611; x_wconf 70' lang='lat'><em>2</em></span> 
     </span>
    </p>
   </div>
   <div class='ocr_carea' id='block_1_6' title="bbox 0 0 1202 3838">
    <p class='ocr_par' dir='ltr' id='par_1_8' title="bbox 0 0 1202 3838">
     <span class='ocr_line' id='line_1_35' title="bbox 0 0 1202 3838; baseline 0 0"><span class='ocrx_word' id='word_1_236' title='bbox 0 0 1202 3838; x_wconf 95' lang='lat' dir='ltr'><strong> </strong></span> 
     </span>
    </p>
   </div>
  </div>
 </body>
</html>
