2390 3838
503 256 662 302 uouurus.
917 227 921 234 ’
1012 256 1027 318 7

132 395 195 455 lum
214 393 346 457 Hersilia
364 396 483 472 conjux,
498 395 636 475 precibus
654 406 803 475 raptarum
821 396 949 475 fatigata,
967 411 1031 458 orat

132 505 165 555 ut
172 494 344 572 parentibus
352 514 452 556 earum
460 496 512 556 det
520 495 645 571 veniam,
655 488 725 557 etin
735 495 883 557 civitatem
891 494 1030 574 accipiat:

125 589 245 673 ⁸itarem
255 593 422 654 coalescere
430 593 696 672 concordiaposse.
723 593 823 654 Facile
832 593 1028 672 impetratum.

132 691 210 750 Inde
225 700 329 750 contra
342 690 549 753 Crustuminos
563 693 721 769 profectus,
736 692 848 752 bellum
861 691 1029 753 inferentes.

132 786 181 847 Ibi
189 785 287 847 minus
298 786 395 863 etiam,
406 789 489 866 quod
498 787 602 849 alienis
610 788 745 865 cladibus
754 788 922 850 ceciderant
929 789 1029 864 animi,

123 882 302 945 ‚certaminis
320 883 381 948 fuit
425 887 565 963 Utroque
578 886 705 947 coloniae
719 885 825 947 missae.
868 889 970 948 Plures
989 888 1031 947 in-

130 980 222 1058 venti,
241 981 293 1060 qui
315 995 437 1061 propter
462 986 631 1045 ubertatem
652 996 737 1045 terrae
763 982 795 1045 in
809 984 1030 1047 Crustuminum

130 1080 255 1141 nomina
273 1082 393 1142 darent:
415 1092 446 1142 et
461 1084 592 1142 Romam
606 1081 677 1142 inde
690 1084 858 1159 frequenter
875 1072 1030 1160 migratum

131 1189 184 1253 est,
197 1198 216 1238 a
229 1178 401 1256 parentibus
414 1178 543 1256 maxime
556 1198 592 1238 ac
606 1179 780 1257 propinquis
793 1191 948 1257 raptarum.

170 1296 221 1335 ro.
243 1279 273 1336 N
274 1276 446 1337 ovissimum
461 1279 501 1338 ab
511 1276 628 1338 Sabinis
637 1279 748 1338 bellum
763 1288 868 1353 ortum,
878 1278 1031 1354 multoque

131 1374 164 1435 id
175 1373 337 1434 maximum
346 1373 408 1435 fuit.
445 1374 529 1435 Nihil
539 1374 619 1436 enim
630 1394 684 1452 per
694 1375 767 1435 iram
777 1386 828 1435 aut
839 1374 1030 1452 cupiditatem

130 1485 233 1533 actum
251 1484 314 1534 est:
337 1493 394 1533 nec
408 1474 602 1534 ostenderunt
615 1474 727 1533 bellum
746 1471 835 1550 prius,
850 1492 939 1550 quam
958 1474 1032 1532 intu-

131 1572 236 1632 lerunt
281 1570 414 1633 Consilio
433 1570 523 1632 etiam
539 1571 659 1632 additus
677 1572 775 1632 dolus.
816 1574 864 1649 Sp.
888 1570 1031 1649 Tarpeius

133 1672 279 1730 Romanae
300 1679 423 1747 praeerat
443 1668 510 1729 arci.
563 1670 664 1746 Hujus
684 1668 775 1728 filiam
795 1667 939 1747 virginem
958 1688 1031 1729 auro

128 1766 293 1845 corrumpit
301 1767 413 1841 Tatius,
423 1777 456 1827 ut
466 1778 594 1828 armatos
604 1767 740 1829 inarcem
750 1767 884 1845 accipiat
901 1770 1031 1844 ⁴Aquam

131 1865 206 1925 forte
221 1884 257 1925 ea
270 1874 332 1924 tum
347 1864 435 1925 sacris
446 1874 528 1929 extra
540 1863 652 1925 moenia
661 1863 786 1942 petitum
796 1865 877 1927 ierat.
906 1864 1032 1942 Accepti

132 1964 269 2023 obrutam
290 1962 378 2023 armis
398 1982 542 2023 necavere
551 1984 561 2037 3
582 1982 635 2023 seu
654 1974 688 2024 ut
707 1962 738 2023 vi
758 1974 847 2042 capta
867 1963 966 2041 potius
979 1983 1032 2023 arx

133 2060 290 2135 videretur,
302 2081 354 2121 seu
365 2057 514 2138 prodendi
524 2061 653 2138 exempli
661 2080 759 2135 causa,
771 2061 892 2138 nequid
906 2079 1031 2137 usquam

130 2161 226 2219 fidum
253 2158 397 2238 proditori
421 2169 507 2221 esset.
549 2157 679 2219 Additur
702 2160 811 2233 fabula,
838 2160 919 2235 quod
943 2159 1031 2237 vulgo

134 2255 235 2318 Sabini
256 2278 360 2318 aureas
382 2257 512 2318 armillas
532 2256 632 2336 magni
646 2257 786 2335 ponderis
799 2258 922 2319 brachio
944 2259 1029 2333 lavo,

133 2367 357 2433 gemmatosque
378 2376 486 2433 magna
506 2355 604 2435 specie
626 2357 752 2418 annulos
772 2355 936 2429 habuerint,
951 2355 1032 2433 pepi·

132 2453 210 2530 gisse
221 2474 295 2529 eam,
307 2456 388 2531 quod
398 2454 429 2514 in
440 2454 562 2516 sinistris
572 2454 708 2515 manibus
719 2456 878 2516 haberent:
902 2473 937 2516 eo
949 2464 1032 2514 scuta

133 2550 175 2610 illi
188 2571 242 2630 pro
256 2552 351 2613 aureis
366 2551 454 2613 donis
468 2564 617 2631 congesta

177 2671 221 2710 11.
244 2653 380 2711 Tenuere
394 2670 492 2712 arcem
506 2651 626 2726 Sabini3
646 2661 736 2728 atque
750 2651 821 2712 inde
839 2660 959 2727 postero
973 2649 1030 2722 die,

134 2769 225 2826 quum
244 2751 399 2809 Romanus
418 2748 563 2810 exercitus
577 2749 744 2824 instructus,
760 2750 842 2827 quod
860 2747 937 2808 inter
950 2749 1032 2807 Pala-

134 2847 228 2907 tinum
249 2847 513 2926 Capitolinumque
527 2849 635 2908 collem
656 2846 754 2924 campi
775 2856 828 2921 est,
843 2847 1030 2923 complesset,

133 2965 195 3005 non
208 2947 289 3023 prius
300 2945 518 3006 descenderunt
531 2945 563 3004 in
573 2964 700 3022 aequum,
710 2963 808 3021 quam,
820 2943 863 3004 ira
877 2954 906 3005 et
920 2943 1032 3022 eupidi-

133 3053 195 3104 tate
205 3043 418 3121 recuperandae
428 3041 504 3103 arcis
516 3041 685 3103 stimulante
695 3041 821 3116 animos,
833 3045 865 3101 in
875 3043 1032 3102 adversum

133 3140 266 3202 Romani
284 3141 409 3201 subiere.
453 3139 513 3200 Diu
537 3139 617 3200 varia
640 3138 762 3200 victoria
781 3152 943 3218 pugnatum
969 3150 1030 3198 est:

133 3241 187 3300 sed
202 3238 332 3315 denique
346 3259 393 3299 res
409 3241 548 3300 Romana
557 3249 624 3300 erat
638 3238 778 3316 superior.
821 3241 900 3298 Tum
914 3236 1031 3298 Sabinae

133 3338 281 3412 mulieres,
292 3356 415 3414 quarum
427 3357 464 3397 ex
473 3335 702 3415 inJuriabellum
713 3348 809 3398 ortum
821 3347 891 3411 erat,
901 3335 1031 3395 crinibus

134 3436 229 3516 passis
241 3435 396 3513 scissaque
407 3446 489 3498 veste
499 3456 580 3497 ausae
589 3456 622 3496 se
632 3433 710 3499 inter
718 3434 908 3496 telavolantia
916 3431 1030 3507 inferre,
