2390 3838
427 283 556 327 SERVIUS
577 283 718 327 TULLIUS.
985 283 1020 344 25

121 427 233 488 aedium
263 446 317 503 per
340 427 482 485 fenestras
509 426 654 502 populum
675 422 824 500 Tanaquil
855 423 1021 500 alloquitur.

120 529 214 604 Jubet
237 528 318 585 bono
333 523 433 584 animo
451 543 532 584 esse:
554 522 683 600 sopitum
703 522 791 582 fuisse
805 542 904 600 regem
924 522 1022 582 subito

121 625 202 684 ictu:
223 625 330 683 serrum
345 622 426 681 haud
440 622 499 681 alte
513 622 543 679 in
559 640 666 698 corpus
677 622 886 681 descendisse:
907 622 969 697 jam
984 621 1023 680 ad

121 743 155 783 se
165 721 296 782 rediisse.
327 723 500 798 Inspectum
511 721 626 793 vulnus,
636 722 769 779 absterso
780 739 883 779 cruore
895 742 901 777 :
922 719 1025 793 omnia

121 819 250 882 salubria
265 839 348 880 esse:
368 820 527 891 confidere,
539 817 712 895 propediem
727 817 824 894 ipsum
839 838 890 878 eos
899 818 1021 878 visuros.

121 918 247 979 Interim
262 920 322 979 Ser.
339 917 438 978 Tullio
459 918 563 993 jubere
584 918 727 994 populum
749 916 830 976 dicto
851 916 1021 976 audientem

120 1036 195 1077 esse.
240 1019 318 1075 Eum
340 1017 407 1092 jura
428 1015 618 1088 reddituum,
641 1015 848 1091 obiturumque
869 1015 926 1074 alia
945 1015 1022 1091 regis

118 1114 223 1175 munia
237 1133 310 1174 esse.
353 1113 469 1173 Servius
483 1133 552 1173 cum
571 1114 673 1172 trabea
687 1123 716 1171 et
735 1111 885 1172 lictoribus
905 1113 1003 1189 prodit
1012 1134 1022 1187 3

118 1233 166 1287 ac,
176 1214 248 1273 sede
258 1211 338 1289 regia
349 1213 466 1284 sedens,
475 1212 533 1271 alia
543 1212 684 1281 decernit,
694 1211 732 1270 de
743 1209 807 1270 aliis
818 1212 1021 1271 consulturum

119 1330 153 1371 se
167 1329 267 1386 regem
282 1329 347 1370 esse
358 1309 482 1369 simulat
526 1312 642 1385 Itaque,
651 1327 705 1384 per
718 1307 831 1384 aliquot
839 1308 913 1381 dies,
929 1328 1021 1384 quum

119 1411 185 1486 jam
213 1407 390 1484 exspirasset
417 1405 604 1483 Tarquinius,
629 1408 726 1465 celata
749 1418 852 1478 morte,
881 1425 935 1482 per
957 1425 1021 1482 spe

121 1506 200 1566 ciem
219 1505 324 1565 alienae
338 1505 496 1582 fungendae
510 1504 583 1564 vicis
598 1523 665 1563 suas
680 1523 753 1580 opes
767 1502 900 1562 firmavit.
943 1505 1021 1562 Tum

120 1605 242 1664 demum
284 1615 381 1664 morte
414 1604 532 1680 vulgata
562 1603 680 1662 Servius
712 1604 865 1662 voluntate
899 1605 1020 1662 Patrum

98 1702 263 1780 regnavit.

163 1821 210 1877 33.
234 1804 263 1860 N
266 1820 301 1861 ec
320 1802 382 1876 jam
396 1796 523 1876 publicis
536 1797 630 1875 magis
643 1797 775 1858 consiliis
789 1797 914 1871 Servius,
931 1817 1020 1874 quam

117 1899 248 1977 privatis,
273 1899 388 1959 munire
416 1918 497 1975 opes.
541 1899 581 1956 Et
605 1917 651 1970 ne,
675 1897 770 1974 qualis
792 1895 871 1956 Anci
894 1897 1019 1956 liberum
1103 1947 1108 1955 .

117 1997 235 2058 anImus
253 1998 396 2057 adversus
412 1985 608 2072 Tarquinium
627 1997 729 2069 fuerat,
744 1994 810 2054 talis
824 1996 964 2054 adversus
987 2015 1019 2055 se

117 2096 262 2173 Tarquini
284 2098 407 2156 liberum
438 2105 523 2167 esset,
544 2095 618 2154 duas
640 2093 715 2152 filias
738 2093 896 2170 juvenibus
923 2092 1017 2170 regiiS,

118 2194 213 2256 Lucio
234 2205 323 2270 atque
342 2191 449 2252 Arunti
467 2190 644 2268 Tarquiniis,
665 2190 767 2267 jungit.
812 2193 887 2250 Mox
907 2192 1018 2250 bellurn

116 2312 186 2352 cum
203 2291 378 2353 Veientibus
399 2289 523 2368 aliisque
543 2289 675 2349 Etruscis
689 2301 847 2367 sumptum,
863 2288 894 2347 in
913 2308 973 2365 quo
989 2301 1018 2349 et

115 2390 208 2450 virtus
231 2403 261 2450 et
284 2392 401 2450 fortuna
426 2388 529 2450 enituit
554 2388 652 2448 Tulli:
672 2390 797 2466 fusoque
819 2388 931 2466 ingenti
952 2389 1019 2449 hos

115 2487 190 2548 tium
206 2489 335 2548 exercitu
348 2506 399 2547 rex
414 2490 544 2548 Romam
558 2485 652 2546 rediit
695 2487 932 2564 Aggrediturque
946 2489 1018 2547 inde

115 2588 155 2646 ad
179 2586 261 2663 pacis
285 2587 374 2662 longe
398 2583 558 2643 maximum
579 2604 672 2661 opus:
700 2594 742 2658 ut,
764 2584 1017 2661 quemadmodum

116 2685 218 2743 Numa
242 2682 334 2743 divini
356 2695 460 2742 auctor
484 2682 557 2759 juris
585 2684 696 2755 fuisset,
720 2682 761 2742 ita
788 2682 918 2743 Servium
948 2701 1018 2741 con·

115 2780 242 2842 ditorem
271 2780 367 2842 omnis
394 2780 425 2840 in
453 2780 572 2841 civitate
600 2780 777 2841 discriminis
809 2780 1015 2856 ordInumque,

114 2879 222 2956 quibus
243 2877 319 2939 inter
335 2880 444 2958 gradus
463 2877 614 2955 dignitatis
633 2881 820 2953 fortunaeque
840 2877 952 2954 aliquid
974 2878 1017 2937 in-

115 2979 248 3051 terlucet,
270 2976 381 3054 posteri
405 2979 484 3036 sama
508 2978 624 3036 ferrent
679 2979 810 3036 Censurn
835 2975 914 3037 enim
936 2976 1017 3036 insti-

112 3075 177 3149 tuit,
193 3095 256 3135 rem
281 3074 500 3136 saluberrimam
525 3086 609 3135 tanto
633 3077 731 3134 futuro
755 3072 898 3152 imperio:
926 3086 956 3135 et
980 3095 1017 3135 ex

112 3193 205 3234 censu
219 3173 327 3233 classes
338 3172 543 3250 centuriasque
554 3171 719 3250 descripsit.
757 3173 853 3233 Millia
863 3173 1016 3250 octoginta
1097 3218 1100 3222 -

115 3290 151 3331 eo
173 3282 308 3346 tempore
335 3270 446 3331 civium
474 3290 565 3331 censa
590 3290 655 3331 esse
683 3270 828 3331 dicuntur.
870 3273 920 3331 Ad
948 3291 1015 3331 earn

113 3356 334 3429 multitudinem
368 3371 438 3429 urbs
472 3388 592 3446 quoque
626 3369 835 3446 amplificanda
863 3368 925 3428 visa
959 3379 1012 3427 est

112 3466 209 3526 Addit
228 3466 304 3526 duos
325 3466 427 3540 colles,
443 3466 626 3542 Quirinalem
646 3456 892 3543 Viminalemque.
937 3465 1014 3526 Inde
