2390 3838
540 263 641 307 NUMA.
1002 265 1035 303 11

135 401 260 482 ginitate
268 403 392 481 aliisque
401 403 586 465 caeremoniis
595 403 778 465 venerabiles
786 414 823 463 ac
832 412 948 463 sanctas
957 403 1035 463 secia

136 500 234 562 Salios
244 499 317 561 item
327 501 488 563 duodecim
498 501 589 562 Marti
598 501 730 564 Gradivo
740 500 818 579 legit.
860 500 1037 563 Pontificem

137 598 251 660 deinde
272 619 309 673 ex
330 599 468 660 Patribus
489 599 568 677 legit,
583 601 632 659 cui
652 596 754 669 omnia
773 598 893 677 publica
913 597 1036 677 privata-

134 716 196 774 que
215 715 300 757 sacra
315 696 449 774 subjecit
492 699 579 758 Idem
592 708 748 771 mercatus,
762 698 857 771 ludos,
873 715 1037 774 omnesque

136 794 339 855 conveniendi
367 813 472 854 causas
493 805 523 855 et
543 793 729 855 celebritates
755 793 876 855 invenit.
920 793 1036 869 Quibus

135 893 225 952 rebus
253 890 403 965 institutis,
426 892 466 951 ad
487 892 701 952 humanitatem
721 902 811 968 atque
837 891 1037 950 mansuetudi-

135 1008 207 1049 nem
224 987 374 1050 revocavit
394 989 510 1053 animos
524 988 686 1065 hominum,
703 988 807 1050 studiis
825 987 957 1049 bellandi
972 990 1036 1066 jam

134 1084 281 1146 immanes
296 1096 326 1147 et
340 1088 426 1152 feros.

180 1197 225 1259 17.
249 1185 297 1243 Ita
311 1184 372 1243 duo
386 1183 530 1260 deinceps
544 1202 637 1260 reges,
652 1181 726 1242 alius
739 1181 798 1242 alia
810 1180 867 1256 via,
882 1182 931 1242 ille
946 1183 1034 1256 bello,

134 1279 184 1340 hic
212 1299 296 1357 pace,
318 1278 468 1340 civitatem
495 1291 646 1341 auxerunt.
691 1281 837 1341 Romulus
865 1289 978 1356 septem
1007 1291 1036 1339 et

134 1376 253 1455 triginta
279 1377 412 1456 regnavit
432 1398 545 1441 annos:
574 1381 675 1438 Numa
694 1390 753 1440 tres
775 1389 803 1439 et
832 1376 1034 1455 quadraginta.

135 1477 214 1535 Tum
235 1474 342 1550 valida,
363 1486 427 1536 tum
447 1486 610 1554 temperata
631 1487 661 1536 et
680 1475 752 1536 belli
772 1486 802 1536 et
822 1474 905 1552 pacis
924 1473 1035 1537 artibus

136 1582 198 1635 erat
212 1572 325 1634 civitas.
932 1577 936 1587 '

178 1672 223 1730 18.
235 1672 356 1731 ⁴Numae
373 1680 469 1730 morte
487 1671 527 1731 ad
541 1669 741 1748 interregnum
754 1690 801 1731 res
819 1670 913 1731 rediit
957 1671 1035 1731 Inde

134 1768 255 1828 Tullum
271 1768 437 1840 Hostilium
450 1787 550 1845 regem
564 1770 693 1846 populus
705 1768 800 1846 jussit
837 1768 900 1828 Hic
913 1787 976 1828 non
990 1788 1035 1828 so·

132 1864 195 1925 lum
209 1864 345 1942 proximo
355 1864 417 1942 regi
427 1864 585 1938 dissimilis,
598 1865 652 1925 sed
666 1865 791 1927 ferocior
801 1867 890 1926 etiam
901 1867 1034 1926 Romulo

13 1983 31 1992 ⁸
71 1948 77 1957 ’
132 1961 196 2022 suit
233 1964 321 2023 Forte
332 1961 440 2041 evenit,
452 1971 485 2022 ut
494 1972 623 2039 agrestes
635 1961 765 2022 Romani
776 1982 813 2022 ex
823 1964 942 2022 Albano
953 1981 1033 2040 agro,

133 2058 244 2120 Albani
264 2080 301 2120 ex
315 2062 455 2120 Romano
469 2060 584 2136 praedas
598 2058 726 2118 invicem
740 2070 867 2136 agerent.
911 2059 1034 2137 Imperi·
1072 2089 1077 2101 ·

132 2158 215 2217 tabat
229 2168 292 2216 tum
308 2159 342 2218 C.
359 2155 483 2218 Cluilius
497 2157 592 2217 Albae·
630 2157 789 2233 Utrimque
802 2155 891 2234 legati
904 2158 963 2217 fere
978 2159 1033 2218 sub

132 2254 214 2315 idem
233 2267 350 2333 tempus
364 2254 404 2315 ad
418 2274 465 2315 res
479 2255 658 2333 repetendas
672 2248 766 2313 missi»
805 2256 909 2314 Tullus
927 2274 1034 2332 praece-

132 2363 217 2429 perat
227 2351 296 2427 suis,
308 2372 347 2413 ne
358 2350 430 2429 qnid
441 2351 530 2430 prius,
544 2372 633 2429 quam
644 2352 793 2425 mandata,
804 2352 942 2430 agerent:
964 2356 1033 2413 satis

133 2448 247 2509 sciebat
274 2460 448 2526 negaturum
468 2451 638 2524 Albanum3
665 2449 707 2510 ita
726 2449 775 2527 pie
803 2451 914 2510 bellum
941 2449 1033 2511 indici

131 2564 229 2623 posse.
268 2549 318 2607 Ab
332 2546 459 2607 Albanis
476 2546 631 2608 socordius
647 2566 694 2608 res
712 2559 787 2608 acta
827 2550 952 2625 Excepti
967 2549 1033 2608 hos

131 2642 207 2720 pitio
225 2646 264 2703 ab
279 2645 368 2704 Tullo
382 2644 493 2705 blande
506 2663 543 2704 ac
557 2644 694 2722 benigne,
709 2644 832 2706 comiter
844 2644 920 2722 regis
934 2644 1033 2705 convi-

131 2739 213 2800 vium
227 2743 388 2803 celebrant
424 2743 584 2818 Tantisper
594 2744 725 2803 Romani
737 2752 766 2802 et
776 2762 822 2802 res
836 2741 1033 2818 repetiverant

132 2836 253 2914 priores,
270 2851 300 2899 et
313 2838 434 2917 neganti
448 2840 568 2900 Albano
581 2841 693 2901 bellum
707 2842 738 2898 in
753 2838 931 2917 trigesimum
950 2840 1031 2903 diem

130 2929 308 2997 indixerant.
335 2939 423 2996 Haec
436 2936 607 2999 renuntiant
619 2938 717 2998 Tullu
753 2940 832 2997 Tum
845 2937 948 3015 legatis
961 2941 1032 2998 Tul-

132 3034 179 3093 lus
201 3033 321 3094 dicendi
342 3044 531 3113 potestatem,
547 3034 619 3111 quid
639 3045 775 3112 petentes
795 3035 936 3111 venerint,
951 3036 1028 3099 facit.

131 3131 189 3203 Illi,
205 3130 339 3191 omnium
353 3130 455 3209 ignari,
470 3131 599 3209 primum
611 3133 765 3209 purgando
784 3143 882 3194 terunt
895 3144 1030 3209 tempus:

129 3228 167 3289 Se
188 3226 299 3288 invitos
320 3229 489 3306 quicquam,
504 3227 698 3306 quodminus
718 3232 835 3308 placeat
856 3233 953 3305 Tullo,
969 3230 1029 3291 dic·

129 3335 211 3385 turos
221 3345 230 3399 3
252 3325 305 3385 sed
326 3325 450 3403 imperio
472 3324 587 3403 subigi:
606 3345 653 3385 res
673 3326 830 3404 repetitum
851 3347 883 3388 se
903 3326 1026 3389 venisse.

131 3420 172 3482 Ni
184 3422 355 3498 reddantur,
365 3424 478 3483 bellum
489 3422 620 3484 indicere
629 3424 735 3501 jussos.
752 3432 755 3439 ⁴
771 3427 821 3485 Ad
831 3426 897 3487 haec
907 3424 1028 3489 Tullus:
