2390 3838
422 266 543 310 TULLUS
565 266 738 313 HOSTILIUS·
996 273 1030 329 13

131 427 185 485 spe
213 405 354 481 victoriae,
373 404 506 469 ferocior
533 418 603 468 erat.
647 407 856 482 Quaerentibus
883 409 1031 488 utrimque

130 505 205 566 ratio
220 504 318 579 initur,
334 503 382 565 cui
397 516 428 566 et
440 507 558 567 fortuna
571 507 636 584 ipsa
649 506 774 584 praebuit
788 507 948 568 materiam

151 623 157 628 ’
173 624 220 663 20.
243 605 333 663 Forte
347 601 378 661 in
392 603 512 663 duobus
525 612 588 663 tum
603 602 780 664 exercitibus
791 616 873 689 erant
885 604 1032 683 trigemini

129 702 242 774 fratres,
257 720 315 762 nec
335 711 424 762 aetate
443 720 502 761 nec
521 699 632 761 viribus
652 701 792 778 dispares.
837 702 968 765 Nomina
981 705 1032 763 Al-

128 797 216 861 banis
229 797 361 872 Curiatii,
370 797 517 858 Romanis
528 798 649 860 Horatii
658 801 747 860 fuere.
789 801 867 862 Cum
881 799 926 860 his
940 812 1032 879 agunt

128 916 222 974 reges,
242 906 275 955 ut
297 915 352 973 pro
375 915 428 955 sua
450 897 576 972 quisque
596 896 691 973 patria
712 896 855 958 dimicent
875 900 969 959 ferro:
990 897 1032 959 ibi

127 994 287 1072 imperium
300 995 372 1067 sore,
386 992 467 1053 unde
481 991 605 1053 victoria
623 993 718 1054 fuerit.
762 994 845 1054 Nihil
864 1007 1034 1055 recusatur:

127 1102 247 1169 tempus
275 1101 305 1151 et
332 1077 417 1150 locus
441 1090 589 1151 convenit.
644 1090 818 1168 Priusquam
848 1092 1031 1168 dimicarent,

57 1234 61 1237 -
128 1189 228 1250 foedus
242 1186 334 1248 ictum
348 1187 425 1247 inter
435 1189 591 1248 Romanos
600 1197 632 1248 et
640 1188 834 1248 Albanosest
848 1191 893 1249 his
907 1191 1031 1267 legibus,

121 1296 163 1346 -ut
179 1286 267 1361 cujus
287 1282 391 1361 populi
411 1285 491 1344 cives
506 1303 543 1344 eo
564 1285 726 1345 certamine
739 1284 887 1358 vicissent,
902 1286 927 1346 is
948 1288 1032 1348 alteri

129 1385 243 1463 populo
257 1402 326 1442 cum
339 1383 420 1443 bona
432 1400 509 1459 pace
522 1381 710 1460 imperitaret

123 1538 124 1541 ,
172 1499 218 1542 21.
243 1481 368 1542 Foedere
389 1479 459 1552 icto,
474 1480 632 1557 trigemini,
646 1479 723 1543 sicut
742 1493 930 1557 convenerat,
950 1503 1032 1544 arma

130 1579 259 1657 capiunt,
286 1588 323 1650 et,
340 1576 430 1655 pleni
453 1576 674 1639 adhortantium
698 1577 823 1639 vocibus
848 1599 977 1655 suorum,
1000 1580 1034 1657 in

129 1676 263 1738 medium
290 1674 366 1737 inter
392 1674 466 1734 duas
493 1673 774 1753 aciesprocedunt
826 1679 1031 1740 Consederant

129 1773 278 1850 utrimque
301 1791 361 1849 pro
387 1770 490 1847 castris
518 1772 578 1831 duo
606 1772 761 1845 exercitus,
788 1773 910 1850 periculi
938 1779 1032 1854 magis

129 1870 291 1949 praesentis,
320 1889 411 1947 quam
438 1888 524 1943 curae,
553 1880 707 1946 expertes:
736 1869 848 1949 quippe
874 1872 1031 1950 imperium

130 1971 279 2047 agebatur,
307 1966 339 2026 in
374 1977 435 2027 tam
462 1985 624 2042 paucorum
653 1965 762 2028 virtute
792 1977 883 2045 atque
913 1971 1033 2031 fortuna

130 2065 269 2145 positum.
300 2067 407 2141 Itaque
421 2062 512 2124 erecti
524 2062 721 2143 suspensique
734 2064 766 2124 in
780 2064 903 2126 minime
916 2078 1033 2143 gratum

131 2162 333 2242 spectacular
347 2160 448 2223 animo
462 2160 661 2239 intenduntur.
706 2162 818 2221 Datum
837 2161 971 2240 signum:
990 2164 1032 2224 in-

130 2263 271 2338 festisque
288 2251 389 2335 armis,
405 2259 487 2320 velut
503 2257 592 2334 acies,
607 2259 683 2321 terni
700 2261 833 2337 juvenes,
856 2280 1031 2338 magnorum

131 2357 312 2422 exercituum
344 2355 462 2417 animos
491 2366 637 2435 gerentes,
663 2368 848 2419 concurrunt
892 2361 959 2421 Nec
985 2360 1034 2422 his

130 2476 187 2519 nec
208 2455 266 2517 illis
284 2453 448 2532 perieulum
469 2472 575 2529 suum,
596 2454 749 2531 publicum
767 2453 923 2533 imperium
945 2457 1033 2519 servi·

130 2553 266 2632 tiumque
278 2553 450 2615 obversatur
462 2551 571 2627 animo,
586 2553 740 2630 suturaque
754 2572 791 2614 ea
804 2553 914 2615 deinde
928 2557 1032 2631 patriae

130 2653 254 2723 fortuna,
281 2669 371 2728 quarn
393 2648 451 2726 ipsi
472 2647 620 2717 fecissent
659 2638 708 2711 'Ut
722 2649 821 2731 primo
843 2650 941 2711 statim
962 2671 1032 2734 conf

131 2767 217 2828 cursu
251 2749 423 2824 increpuere
447 2765 538 2820 arma,
566 2747 772 2825 minantesque
797 2748 904 2808 fulsere
929 2749 1031 2832 gladii,

131 2845 234 2921 horror
247 2843 362 2922 ingens
384 2853 559 2921 spectantes
581 2842 769 2925 perstringit:
796 2853 834 2917 et,
856 2856 962 2907 neutro
989 2847 1032 2907 in-

131 2941 313 3029 clinataspe,
325 2936 464 3021 torpebat
473 2960 533 3001 vox
543 2938 728 3023 spiritusque.
758 2942 1032 3006 Consertisdeinde

131 3039 277 3121 manibus,
306 3058 398 3119 quum
423 3039 487 3116 jam
509 3057 573 3103 non
595 3049 694 3101 motus
720 3048 841 3103 tantum
862 3060 1029 3119 corporum,

130 3136 312 3218 agitatioque
328 3155 443 3215 anceps
463 3138 590 3198 telorum
609 3155 825 3214 armorumque,
841 3140 895 3200 sed
909 3141 1031 3201 vulnera

60 3282 64 3293 .
131 3232 446 3315 quoqueetsanguis
469 3234 641 3311 spectaculo
665 3250 783 3312 essent3
805 3236 866 3297 duo
888 3235 1033 3317 Romani,

131 3352 220 3416 super
232 3329 323 3393 alium
330 3329 419 3406 alius,
430 3328 692 3395 vulneraris-tribus
700 3331 836 3406 Albanis,
849 3332 1034 3412 exspirantes¹

131 3428 313 3514 corruerunt
353 3429 405 3491 Ad
427 3447 679 3511 quorumcasum
702 3448 794 3506 quum
816 3430 1035 3517 conclamasset
