2390 3838
199 255 236 311 32
407 249 471 290 THE
492 246 590 290 SEVEN
612 248 707 291 KINGS
728 248 768 291 OF
789 249 886 292 ROME.

200 391 337 460 Romam,
352 385 404 445 ubi
419 387 559 445 adversus
574 387 704 446 Rutulos
717 388 829 447 bellum
843 407 958 447 summa
972 388 1001 448 vi
1016 409 1099 466 para-

199 487 293 545 batur.

239 603 285 655 40.
309 581 438 640 Ardeam
453 580 556 641 Rutuli
569 580 727 654 habebant,
739 601 820 658 gens,
835 582 912 642 utin
927 603 962 643 ea
975 584 1097 661 regione

197 691 287 755 atque
298 678 329 737 in
340 697 376 737 ea
389 689 484 750 aetate,
497 678 606 738 divitiis
615 681 792 756 praepollens
805 702 811 738 :
825 700 919 757 eaque
929 680 994 757 ipsa
1005 701 1097 743 causa

197 777 267 836 belli
281 776 343 849 suit,
358 777 440 852 quod
454 795 505 835 rex
515 778 668 836 Romanus
680 788 741 835 turn
753 779 817 854 ipse
828 778 922 852 ditari,
935 780 1097 842 exhaustus

196 873 413 949 magnificentia
427 873 613 950 publicorum
632 893 762 952 operum,
779 886 841 934 tum
856 877 957 952 praeda
970 877 1096 939 delinire

196 972 383 1048 popularium
397 971 511 1032 animos
526 972 679 1032 studebat:
703 983 809 1049 praeter
821 972 908 1031 aliam
924 976 1095 1050 superbiam

195 1089 286 1147 regno
300 1069 423 1130 infestos
445 1068 533 1129 etiarn
548 1070 629 1145 quod
650 1088 682 1129 se
702 1069 734 1128 in
754 1071 903 1129 fabrorum
923 1072 1095 1134 ministeriis

194 1186 231 1227 ac
245 1168 342 1227 servili
356 1179 417 1227 tarn
428 1166 479 1226 diu
490 1166 607 1226 habitos
622 1186 711 1242 opere
722 1168 760 1226 ab
775 1186 841 1243 rege
852 1166 1092 1246 indignabantur.

194 1269 324 1327 Tentata
337 1286 383 1326 res
405 1277 458 1337 est,
474 1264 499 1323 si
519 1263 614 1340 primo
633 1264 748 1342 impetu
768 1265 835 1341 capi
849 1267 948 1326 Ardea
969 1280 1092 1344 posset:

194 1368 244 1425 ubi
250 1366 280 1425 id
286 1385 388 1442 pamm
397 1364 549 1440 processit,
556 1362 989 1441 obsidionemunitionibusque
998 1366 1093 1444 coepti
1104 1382 1106 1389 ’

192 1463 287 1540 premi
301 1464 409 1521 hostes.
453 1463 491 1518 In
505 1459 540 1519 iis
562 1459 682 1534 stativiS,
697 1471 729 1519 ut
743 1462 776 1520 fit
789 1462 879 1539 longo
892 1462 985 1539 magis
999 1483 1091 1540 quam

192 1559 253 1618 acri
271 1560 360 1631 bello,
383 1556 453 1617 satis
474 1556 559 1616 liberi
579 1568 761 1617 commeatus
784 1570 885 1618 erant:
912 1559 1091 1636 primoribus

192 1667 292 1715 tamen
313 1654 414 1731 magis,
432 1673 521 1730 quam
535 1652 686 1714 militibus
728 1655 815 1733 Regii
831 1657 951 1732 quidem
964 1659 1090 1733 juvenes

190 1753 338 1813 interdum
360 1751 452 1813 otium
473 1753 616 1813 conviviis
635 1752 952 1830 comissationibusque
966 1757 1043 1815 inter
1055 1776 1090 1817 se

191 1853 334 1910 terebant.
357 1852 446 1910 Forte
457 1850 628 1926 potantibus
643 1850 688 1910 his
705 1852 785 1927 apud
802 1853 866 1912 Sea
883 1851 1087 1929 Tarquinium,

190 1950 242 2009 ubi
266 1961 296 2009 et
320 1948 485 2010 Collatinus
508 1950 647 2008 coenabat
670 1948 858 2025 Tarquinius,
879 1950 977 2026 Egerii
1001 1950 1087 2026 filius,

190 2047 294 2108 incidit
318 2049 357 2108 de
384 2046 523 2106 uxoribus
551 2046 683 2107 mentio:
712 2066 795 2107 suam
818 2047 944 2125 quisque
966 2049 1088 2110 laudare

189 2145 269 2205 miris
280 2145 384 2206 modis.
402 2146 478 2205 Inde
493 2144 653 2205 certamine
664 2165 799 2220 accenso,
811 2147 977 2206 Collatinus
987 2157 1085 2223 negat,

188 2245 286 2303 verbis
300 2263 375 2320 opus
397 2263 478 2303 esse:
500 2245 601 2318 paucis
616 2245 648 2303 id
662 2244 784 2320 quidem
799 2243 878 2305 horis
898 2263 987 2320 posse
1008 2244 1084 2319 sciri,

189 2353 332 2417 quantum
347 2340 451 2399 ceteris
464 2349 583 2415 praestet
599 2340 735 2399 Lucretia
748 2359 809 2400 sua.
833 2345 841 2372 ‘
854 2341 943 2416 Quin,
960 2341 984 2400 si
1001 2341 1086 2419 vigor

187 2440 315 2514 juventae
329 2436 414 2511 inest,
430 2435 658 2496 conscendimus
673 2456 775 2513 equos,
787 2436 998 2515 invisimusque
1013 2459 1086 2517 prae·

188 2547 286 2595 sentes
301 2531 636 2609 nostrarumingeniaV
677 2536 865 2594 Incaluerant
879 2534 957 2595 vino.
1001 2540 1085 2616 ‘Age

188 2635 277 2706 sane,'
298 2650 409 2692 omnes
454 2629 560 2691 Citatis
581 2630 665 2706 equis
691 2633 809 2691 avolant
830 2634 968 2691 Romam.
1012 2634 1083 2708 Quo

187 2751 288 2809 quum,
303 2729 403 2807 primis
422 2747 453 2787 se
474 2727 695 2787 intendentibus
716 2727 854 2801 tenebris,
868 2730 1080 2806 pervenissent,

186 2840 311 2906 pergunt
324 2827 395 2886 inde
409 2824 584 2887 Collatiam:
600 2826 651 2885 ubi
663 2827 840 2898 Lucretiam,
850 2825 1082 2903 haudquaquam

185 2939 218 2987 ut
226 2926 319 3003 regias
328 2943 426 2997 nums,
436 2942 509 3000 quas
518 2923 549 2981 in
558 2921 694 2982 convivio
703 2924 832 2999 luxuque
841 2941 908 2981 cum
917 2925 1081 2999 aequalibus

184 3025 318 3085 viderant
333 3035 448 3098 tempus
462 3030 598 3093 terentes,
610 3021 662 3080 sed
676 3031 766 3080 nocte
779 3038 844 3079 sera
857 3020 989 3080 deditam
1003 3025 1080 3086 lanae

184 3123 260 3182 inter
280 3121 467 3179 lucubrantes
488 3117 608 3178 ancillas
623 3120 653 3176 in
674 3117 774 3178 medio
795 3116 904 3176 aedium
925 3120 1079 3182 sedentem

183 3216 346 3281 inveniunt.
377 3214 531 3275 Muliebris
544 3214 712 3276 certaminis
726 3217 789 3275 laus
803 3234 895 3292 penes
910 3218 1077 3280 Lucretiam

183 3320 244 3378 suit.
288 3313 459 3374 Adveniens
486 3314 532 3372 vir
551 3312 764 3390 Tarquiniique
790 3313 908 3392 excepti
929 3315 1079 3393 benigne:

182 3415 276 3475 victor
289 3411 409 3473 maritus
418 3410 543 3471 comiter
552 3409 656 3471 invitat
664 3411 760 3490 regios
772 3413 904 3488 juvenes.
949 3412 996 3473 Ibi
1010 3415 1075 3476 Sea
