2390 3838
501 261 660 306 nourrius
1013 264 1028 324 5

117 401 258 476 crimine,
273 401 349 463 liber
371 421 410 462 an
432 421 532 463 servus
553 413 639 476 esset,
659 400 748 462 avida
768 421 913 463 novarum
932 420 1029 462 rerum

125 500 259 579 perfugit
301 502 381 560 Turn
403 502 551 560 Romulus
569 500 680 562 viribus
699 499 742 560 ita
759 499 854 561 auctis
873 499 1029 561 consilium

125 611 218 677 parat
264 600 394 660 Centum
409 609 490 659 creat
504 609 663 673 senatores,
679 597 730 677 qui
743 598 783 658 ab
797 598 912 660 honore
927 600 1030 659 Patres

126 695 279 775 appellati.

168 811 194 870 7.
220 796 289 872 Janr
313 812 360 854 res
382 795 520 854 Romana
540 794 618 854 adeo
641 803 702 853 erat
722 791 830 867 valida,
852 802 884 853 ut
908 792 1029 854 cuilibet

125 891 316 952 finitimamm
341 890 503 953 civitatium
525 893 606 953 bello
625 911 679 968 par
700 902 797 952 esset:
822 891 884 965 sed,
906 890 1030 967 penuria

125 989 290 1063 mulierum,
306 988 435 1050 hominis
457 1000 576 1050 aetatem
595 989 739 1050 duratura
760 987 934 1067 magnitudo
956 999 1025 1049 erat
1073 990 1076 999 ’

125 1090 205 1148 Tum
226 1107 264 1148 ex
284 1086 410 1148 consilio
429 1089 549 1148 Patrum
571 1088 718 1147 Romulus
735 1086 849 1163 legatos
870 1085 948 1146 circa
961 1084 1030 1146 vici·

124 1204 180 1245 nas
197 1195 302 1262 gentes
319 1183 407 1259 misit,
424 1183 476 1262 qui
495 1185 668 1245 societatem
686 1183 930 1258 connubiumque
948 1201 1029 1243 novo

123 1284 240 1361 populo
254 1292 397 1359 peterent.
435 1284 592 1359 Nusquam
602 1279 732 1358 benigne
741 1278 850 1357 legatio
860 1278 961 1339 audita
971 1290 1028 1340 est:

125 1382 203 1441 adeo
225 1379 313 1440 simul
333 1382 521 1458 spemebant‚
537 1378 624 1439 simul
646 1388 760 1439 tantam
778 1377 810 1437 in
831 1375 932 1437 medio
953 1397 1031 1437 cres·

125 1488 245 1539 centem
258 1479 369 1538 molem
383 1476 440 1537 sibi
453 1497 489 1537 ac
500 1476 626 1554 posteris
640 1478 701 1536 suis
715 1477 893 1537 metuebant
937 1477 1029 1554 AEgre

125 1576 159 1638 id
172 1579 314 1637 Romana
324 1576 419 1653 pubes
430 1594 525 1652 passa,
537 1587 568 1636 et
581 1576 662 1636 haud
672 1575 762 1635 dubie
772 1574 812 1634 ad
822 1573 882 1634 vim
896 1586 1030 1652 spectare
1132 1630 1137 1639 .

125 1694 173 1735 res
197 1673 298 1751 coepit.
356 1672 414 1735 Cui
437 1682 555 1750 tempus
577 1674 737 1757 locumque
761 1682 864 1749 aptum
888 1681 921 1731 ut
944 1673 1029 1733 daret

125 1773 281 1847 Romulus,
307 1770 510 1849 aegritudinem
538 1770 630 1830 animi
657 1769 853 1844 dissimulans,
877 1770 963 1843 ludos
990 1791 1027 1831 ex

125 1869 270 1931 industria
290 1879 384 1947 parat,
405 1871 548 1945 Neptuno
570 1865 708 1945 Equestri
729 1868 888 1928 sollennes.
930 1868 1028 1928 Indici

125 1968 237 2031 deinde
261 1967 392 2028 finitimis
417 1968 619 2044 spectaculum
644 1967 748 2044 jubet:
780 1977 952 2043 quantoque
979 1986 1028 2043 ap

7 2051 15 2061 ¹
125 2077 230 2145 paratu
255 2077 319 2126 tum
341 2067 475 2126 sciebant
499 2075 549 2124 aut
572 2075 718 2142 poterant,
742 2066 971 2140 concelebrant3
995 2075 1029 2124 ut

126 2185 190 2227 rem
203 2166 311 2225 claram
327 2173 588 2241 exspectatamque
601 2164 740 2223 facerent
784 2161 874 2221 Multi
887 2164 1027 2223 mortales

126 2281 302 2336 convenere,
315 2260 413 2322 studio
428 2259 517 2321 etiam
530 2259 669 2320 videndae
680 2277 767 2320 novae
780 2258 879 2335 urbis3
899 2260 1028 2321 maxime

127 2362 254 2439 proximi
269 2359 388 2437 quique,
405 2356 607 2432 Caeninenses,
620 2355 810 2431 Crustumini,
825 2359 1028 2420 Antemnates.

127 2460 196 2535 Jam
210 2457 387 2519 Sabinorum
408 2454 505 2516 omnis
523 2455 683 2516 multitudo
705 2474 774 2516 cum
787 2455 887 2517 liberis
904 2475 940 2515 ac
961 2475 1031 2516 con-

127 2556 246 2635 jugibus
264 2554 354 2619 venit
398 2553 462 2614 Ubi
480 2552 643 2630 spectaculi
661 2564 779 2630 tempus
795 2552 886 2627 venit,
909 2553 1030 2615 deditae·

97 2700 101 2709 .
130 2673 189 2730 que
200 2673 237 2714 eo
249 2662 364 2713 mentes
375 2670 444 2711 cum
456 2650 549 2711 oculis
561 2661 652 2724 erant,
664 2661 728 2711 tum
738 2670 776 2710 err
786 2650 953 2727 composito
968 2661 1032 2711 orta

129 2751 192 2813 vis:
223 2750 368 2828 signoque
390 2749 461 2809 dato
485 2749 626 2825 juventus
649 2749 787 2808 Romana
808 2748 848 2808 ad
874 2747 1031 2824 rapiendas

129 2847 255 2928 virgines
270 2846 414 2908 discurrit.
441 2888 444 2895 ι
459 2848 595 2906 Turbato
610 2865 663 2922 per
676 2856 787 2906 metum
803 2844 924 2920 ludicro,
937 2845 1032 2907 maesti

131 2958 268 3024 parentes
288 2944 434 3022 virginum
453 2942 634 3022 profugiunt,
655 2945 825 3005 incusantes
845 2943 946 3004 violati
966 2945 1033 3004 hos

130 3044 197 3123 pitii
218 3045 325 3117 foedus,
349 3043 500 3119 deumque
522 3036 705 3115 invocantes,
729 3041 813 3118 cujus
836 3041 875 3101 ad
899 3043 1033 3103 sollenne

129 3143 276 3218 ludosque
287 3140 446 3201 venissent.
490 3141 557 3199 Nec
571 3137 663 3215 raptis
677 3150 728 3198 aut
741 3158 810 3217 spes
825 3138 864 3200 de
874 3158 906 3198 se
919 3139 1032 3212 melior,

130 3251 182 3301 aut
200 3237 365 3315 indignatio
386 3249 431 3298 est
449 3236 566 3296 minor:
587 3237 641 3296 sed
660 3234 724 3314 ipse
742 3237 891 3296 Romulus
913 3237 1034 3296 circum·

130 3338 202 3413 ibat,
218 3337 340 3397 hortans
352 3347 386 3396 ut
405 3334 555 3395 mollirent
569 3333 636 3407 iras,
652 3345 691 3409 et,
707 3333 813 3410 quibus
832 3335 891 3394 fors
910 3352 1034 3411 corpora

132 3434 272 3509 dedisset,
288 3434 394 3494 darent
412 3431 535 3492 animos.
578 3432 773 3493 Accedebant
790 3429 941 3493 blanditiae
960 3429 1035 3492 viro
