2390 3838
188 237 228 294 30
396 236 462 277 THE
482 234 581 277 SEVEN
602 233 698 278 KINGS
719 233 759 277 OF
779 233 875 277 ROME.

186 394 256 451 quas
276 372 382 433 dixerit
400 372 471 451 ipse,
488 392 615 451 quaeque
635 373 750 447 viderit,
765 375 870 434 refert:
892 394 944 435 seu
965 374 1015 450 ira,
1032 395 1086 436 seu

187 472 269 545 odio,
285 490 335 530 seu
351 470 488 547 superbia
507 469 596 531 insita
610 471 740 549 ingenio,
755 474 867 532 nullam
887 492 955 533 eum
976 492 1087 533 vocem

186 569 326 630 emisisse.
350 570 439 629 Sexto
452 567 504 628 ubi
518 569 591 645 quid
604 570 694 629 vellet
706 589 814 646 parens
828 569 930 646 patuit,
942 570 1087 647 primores

185 667 319 739 civitatis,
335 665 520 728 criminando
541 666 614 727 alios
635 668 716 745 apud
736 671 889 745 populum,
910 668 985 730 alios
1005 671 1085 729 clam

186 765 340 826 interfecit
364 764 494 839 Quidam
503 764 534 823 in
545 763 681 824 exsilium
690 763 751 825 acti
759 777 843 841 sunt3
855 765 1085 843 absentiumque

185 866 267 924 bona
279 865 363 940 juxta
376 875 466 940 atque
479 862 725 940 interemptorum
740 862 847 922 divisui
861 865 950 924 fuere
982 865 1084 941 Largi-

183 960 274 1021 tionis
287 960 358 1021 inde
379 960 547 1037 praedaeque
569 971 599 1020 et
619 959 780 1021 dulcedine
800 960 907 1038 privati
928 962 1082 1023 commodi

182 1078 286 1120 sensus
303 1060 448 1119 malorum
468 1058 655 1135 publicorum
668 1056 781 1133 adimi;
801 1059 907 1133 donec,
922 1061 996 1120 orba
1012 1080 1085 1120 con-

182 1157 250 1218 silio
274 1157 451 1234 auxilioque,
474 1158 594 1217 Gabina
615 1175 662 1216 res
686 1155 748 1234 regi
770 1158 910 1218 Romano
932 1157 997 1218 sine
1020 1159 1084 1219 ulla

182 1255 375 1317 dimicatione
388 1255 419 1315 in
433 1274 555 1314 manum
568 1255 702 1314 traditur.

224 1359 272 1430 38.
295 1353 400 1419 Gabiis
420 1352 556 1429 receptis,
571 1351 752 1429 Tarquinius
764 1371 871 1430 pacem
884 1373 953 1413 cum
967 1357 1082 1432 AEquo·

181 1473 247 1512 rum
260 1463 349 1529 gente
359 1450 449 1524 fecit3
463 1451 560 1509 fredus
571 1467 639 1508 cum
648 1450 755 1509 Tuscis
765 1449 926 1510 renovavit
952 1453 1029 1513 Inde
1039 1454 1081 1512 ad

182 1549 302 1627 negotia
322 1552 435 1609 urbana
455 1547 587 1607 animum
608 1545 753 1615 convertit
764 1568 774 1621 ;
794 1567 920 1624 quorum
940 1560 1003 1609 erat
1022 1550 1082 1627 pri·

181 1668 272 1721 mum,
282 1646 406 1724 utJovis
415 1647 559 1723 templum
568 1647 598 1704 in
607 1645 844 1722 monteTarpeio
852 1660 1080 1708 monumentum

180 1746 264 1823 regni
277 1745 322 1806 sui
336 1744 525 1819 nominisque
538 1742 725 1820 relinqueret
751 1747 794 1803 At
806 1763 898 1820 quum
913 1745 1078 1807 Pometinae

181 1843 338 1915 manubiae,
354 1862 420 1920 quae
434 1841 627 1920 perducendo
639 1841 678 1901 ad
692 1843 811 1902 culmen
824 1841 908 1918 operi
922 1843 1078 1905 destinatae

180 1953 273 2015 erant,
287 1940 337 2001 vix
350 1941 381 2001 in
394 1940 590 2000 fundamenta
603 1937 835 2016 suppeditarent,
847 1941 978 2001 intentus
992 1944 1078 2018 perfi-

179 2035 287 2119 ciendis
305 2041 427 2118 templo,
441 2037 533 2098 fabris
546 2037 679 2115 undique
699 2057 736 2098 ex
750 2038 868 2098 Etruria
887 2038 998 2114 accitis,
1013 2059 1077 2102 non

178 2133 305 2217 pecunia
319 2140 415 2198 solum
429 2137 468 2197 ad
478 2137 511 2196 id
524 2134 644 2212 publica
657 2147 703 2196 est
715 2155 795 2208 usus,
807 2136 860 2196 sed
876 2136 974 2213 operis
984 2137 1076 2199 etiam

133 2294 139 2307 ,
178 2238 326 2313 explebe.
369 2235 429 2311 Qui
449 2255 541 2312 quum
560 2234 641 2293 naud
653 2253 761 2311 parvus
774 2245 805 2293 et
818 2233 883 2311 ipse
897 2235 1010 2296 militiae
1025 2237 1077 2296 ad-

178 2335 297 2395 deretur
308 2335 401 2406 labor,
416 2334 513 2392 minus
526 2342 627 2392 tamen
647 2332 735 2408 plebs
755 2334 940 2409 gravabatur,
955 2353 988 2394 se
1002 2346 1076 2395 tem-

155 2496 158 2515 :
177 2434 228 2510 pla
241 2432 331 2492 deum
342 2430 527 2491 erraedificare
536 2428 674 2490 manibus
688 2428 757 2503 suis,
768 2449 858 2506 quarn
872 2443 1033 2508 postquam
1044 2444 1075 2494 et

158 2516 163 2526 ⁸
176 2530 298 2603 adalia,
308 2540 342 2589 ut
355 2526 455 2606 specie
464 2526 588 2601 minora
601 2526 644 2588 sic
657 2527 767 2588 laboris
781 2528 934 2604 aliquanto
942 2527 1073 2607 majoris,
1098 2557 1103 2569 ·

176 2629 384 2689 traducebatur
396 2644 506 2703 opera3
521 2626 602 2686 foros
611 2625 644 2685 in
654 2624 735 2686 circo
749 2625 910 2696 faciendos,
926 2628 1074 2687 cloacam·

175 2745 235 2799 que
248 2724 415 2799 maximam,
430 2725 649 2801 receptaculum
663 2722 797 2784 omnium
810 2734 1074 2800 purgamentorum

175 2823 263 2898 urbis,
273 2824 330 2883 sub
338 2834 444 2883 terram
455 2822 617 2900 agendam:
630 2820 739 2898 quibus
748 2821 865 2880 duobus
874 2821 1014 2895 operibus
1022 2821 1074 2882 vix

174 2940 254 2982 nova
266 2922 333 2982 haec
345 2919 565 3000 magnificentia
578 2918 737 2997 quicquam
752 2919 909 2993 adaequare
923 2917 1029 2993 potuit

215 3039 263 3096 39.
287 3021 365 3080 Haec
377 3018 479 3098 agenti
491 3029 662 3097 portentum
676 3014 806 3077 terribile
819 3014 923 3075 visum.
945 3015 1070 3096 Anguis,

174 3136 212 3178 ex
231 3121 373 3180 columna
386 3117 485 3197 lignea
503 3117 630 3193 elapsus,
646 3132 737 3191 quum
756 3123 897 3173 terrorem
911 3114 1072 3193 fugamque

141 3244 146 3253 ·
172 3214 205 3276 in
224 3216 334 3296 regiam
347 3214 475 3288 fecisset,
490 3211 583 3291 ipsius
603 3211 680 3289 regis
693 3229 756 3271 non
770 3220 831 3272 tam
846 3210 946 3274 subito
959 3231 1071 3289 pavore

172 3315 299 3392 perculit
318 3322 433 3390 pectus,
448 3329 539 3387 quam
558 3308 654 3370 anxiis
670 3308 804 3387 implevit
825 3309 910 3372 curis
953 3296 1068 3389 Itaque}

171 3431 265 3489 quum
274 3411 313 3471 ad
323 3409 444 3487 publica
452 3404 591 3486 prodigia
598 3405 717 3468 Etrusci
727 3418 843 3470 tautum
852 3420 936 3470 vates
946 3408 1070 3472 adhibe·
